
    <marc:record>
        <marc:leader>02937nam a2200481 c 4500</marc:leader>
        <marc:controlfield tag="001">999921117890302201</marc:controlfield>
        <marc:controlfield tag="005">20220429154253.0</marc:controlfield>
        <marc:controlfield tag="007">ta</marc:controlfield>
        <marc:controlfield tag="008">200610s2020    no     e |||||00| f nob|^</marc:controlfield>
        <marc:datafield tag="020" ind1=" " ind2=" ">
            <marc:subfield code="a">9788202670511</marc:subfield>
            <marc:subfield code="q">innbundet</marc:subfield>
            <marc:subfield code="c">Nkr 379.00</marc:subfield>
        </marc:datafield>
        <marc:datafield tag="035" ind1=" " ind2=" ">
            <marc:subfield code="a">(NO-OsBAS)150351005</marc:subfield>
        </marc:datafield>
        <marc:datafield tag="040" ind1=" " ind2=" ">
            <marc:subfield code="a">NO-OsBAS</marc:subfield>
            <marc:subfield code="b">nob</marc:subfield>
            <marc:subfield code="e">rda</marc:subfield>
            <marc:subfield code="d">NO-OsNB</marc:subfield>
        </marc:datafield>
        <marc:datafield tag="082" ind1="0" ind2="4">
            <marc:subfield code="a">839.82374</marc:subfield>
            <marc:subfield code="q">NO-OsBAS</marc:subfield>
            <marc:subfield code="2">23/nor</marc:subfield>
        </marc:datafield>
        <marc:datafield tag="100" ind1="1" ind2=" ">
            <marc:subfield code="a">Fossum, Karin</marc:subfield>
            <marc:subfield code="d">1954-</marc:subfield>
            <marc:subfield code="0">(NO-TrBIB)90608300</marc:subfield>
            <marc:subfield code="4">aut</marc:subfield>
        </marc:datafield>
        <marc:datafield tag="245" ind1="1" ind2="0">
            <marc:subfield code="a">Bakom synger døden</marc:subfield>
            <marc:subfield code="c">Karin Fossum</marc:subfield>
        </marc:datafield>
        <marc:datafield tag="250" ind1=" " ind2=" ">
            <marc:subfield code="a">1. utgave</marc:subfield>
        </marc:datafield>
        <marc:datafield tag="264" ind1=" " ind2="1">
            <marc:subfield code="a">Oslo</marc:subfield>
            <marc:subfield code="b">Cappelen Damm</marc:subfield>
            <marc:subfield code="c">[2020]</marc:subfield>
        </marc:datafield>
        <marc:datafield tag="300" ind1=" " ind2=" ">
            <marc:subfield code="a">380 sider</marc:subfield>
            <marc:subfield code="c">22 cm</marc:subfield>
        </marc:datafield>
        <marc:datafield tag="336" ind1=" " ind2=" ">
            <marc:subfield code="a">tekst</marc:subfield>
            <marc:subfield code="0">http://rdaregistry.info/termList/RDAContentType/1020</marc:subfield>
            <marc:subfield code="2">rdaco</marc:subfield>
        </marc:datafield>
        <marc:datafield tag="337" ind1=" " ind2=" ">
            <marc:subfield code="a">uformidlet</marc:subfield>
            <marc:subfield code="0">http://www.rdaregistry.info/termList/RDAMediaType/#1007</marc:subfield>
            <marc:subfield code="2">rdamt</marc:subfield>
        </marc:datafield>
        <marc:datafield tag="338" ind1=" " ind2=" ">
            <marc:subfield code="a">bind</marc:subfield>
            <marc:subfield code="0">http://www.rdaregistry.info/termList/RDACarrierType/#1049</marc:subfield>
            <marc:subfield code="2">rdact</marc:subfield>
        </marc:datafield>
        <marc:datafield tag="490" ind1="1" ind2=" ">
            <marc:subfield code="a">En Konrad Sejer-krim</marc:subfield>
            <marc:subfield code="v">[15]</marc:subfield>
        </marc:datafield>
        <marc:datafield tag="520" ind1=" " ind2=" ">
            <marc:subfield code="a">Bakom synger døden av Karin Fossum er en dyptborende kriminalroman om det vakre og det heslige, ømhet og vold, livsløgn og vond virkelighet. En enslig mor finner en urovekkende tegning på sønnens rom. En ung mann og en tenåringsgutt møtes tilfeldig på svaberget ved det dype vannet i Svartlandsskog. Dagen etter blir seksten år gamle Gritt Zeeland funnet død i samme skog. Det er så mange grunner til at en pen, ung jente kan være i fare. Overbetjent Sejer får en smertefull mordgåte i hendene, med mange mulige forklaringer. Gritt Zeeland lot nesten ikke noen slippe innpå seg, men det var svært mange - både unge og voksne - som hadde lagt merke til henne.</marc:subfield>
        </marc:datafield>
        <marc:datafield tag="536" ind1=" " ind2=" ">
            <marc:subfield code="a">Kulturfond</marc:subfield>
        </marc:datafield>
        <marc:datafield tag="588" ind1=" " ind2=" ">
            <marc:subfield code="a">Serietittel fra løst omslag</marc:subfield>
        </marc:datafield>
        <marc:datafield tag="650" ind1=" " ind2="7">
            <marc:subfield code="a">Sejer, Konrad (fiktiv person)</marc:subfield>
            <marc:subfield code="2">bokbas</marc:subfield>
        </marc:datafield>
        <marc:datafield tag="651" ind1=" " ind2="7">
            <marc:subfield code="a">Østlandet</marc:subfield>
            <marc:subfield code="2">bokbas</marc:subfield>
            <marc:subfield code="9">nob</marc:subfield>
        </marc:datafield>
        <marc:datafield tag="651" ind1=" " ind2="7">
            <marc:subfield code="a">Austlandet</marc:subfield>
            <marc:subfield code="2">bokbas</marc:subfield>
            <marc:subfield code="9">nno</marc:subfield>
        </marc:datafield>
        <marc:datafield tag="655" ind1=" " ind2="7">
            <marc:subfield code="a">Romaner</marc:subfield>
            <marc:subfield code="2">bokbas</marc:subfield>
            <marc:subfield code="9">nob</marc:subfield>
        </marc:datafield>
        <marc:datafield tag="655" ind1=" " ind2="7">
            <marc:subfield code="a">Romanar</marc:subfield>
            <marc:subfield code="2">bokbas</marc:subfield>
            <marc:subfield code="9">nno</marc:subfield>
        </marc:datafield>
        <marc:datafield tag="655" ind1=" " ind2="7">
            <marc:subfield code="a">Krim</marc:subfield>
            <marc:subfield code="2">bokbas</marc:subfield>
            <marc:subfield code="9">nob</marc:subfield>
        </marc:datafield>
        <marc:datafield tag="655" ind1=" " ind2="7">
            <marc:subfield code="a">Krim</marc:subfield>
            <marc:subfield code="2">bokbas</marc:subfield>
            <marc:subfield code="9">nno</marc:subfield>
        </marc:datafield>
        <marc:datafield tag="655" ind1=" " ind2="7">
            <marc:subfield code="a">Politi og detektiver</marc:subfield>
            <marc:subfield code="2">bokbas</marc:subfield>
            <marc:subfield code="9">nob</marc:subfield>
        </marc:datafield>
        <marc:datafield tag="655" ind1=" " ind2="7">
            <marc:subfield code="a">Politi og detektivar</marc:subfield>
            <marc:subfield code="2">bokbas</marc:subfield>
            <marc:subfield code="9">nno</marc:subfield>
        </marc:datafield>
        <marc:datafield tag="655" ind1=" " ind2="7">
            <marc:subfield code="a">Romaner</marc:subfield>
            <marc:subfield code="0">https://id.nb.no/vocabulary/ntsf/258</marc:subfield>
            <marc:subfield code="0">(NO-OsNB)ntsf258</marc:subfield>
            <marc:subfield code="2">ntsf</marc:subfield>
        </marc:datafield>
        <marc:datafield tag="767" ind1="0" ind2=" ">
            <marc:subfield code="t">Zwanenzang</marc:subfield>
            <marc:subfield code="w">999921374593702201</marc:subfield>
            <marc:subfield code="z">978-90-225-8812-3</marc:subfield>
        </marc:datafield>
        <marc:datafield tag="767" ind1="0" ind2=" ">
            <marc:subfield code="t">Bag dem synger døden</marc:subfield>
            <marc:subfield code="w">999921542505602201</marc:subfield>
            <marc:subfield code="z">978-87-02-30880-8</marc:subfield>
        </marc:datafield>
        <marc:datafield tag="780" ind1="0" ind2="0">
            <marc:subfield code="t">Formørkelsen</marc:subfield>
        </marc:datafield>
        <marc:datafield tag="800" ind1="1" ind2=" ">
            <marc:subfield code="a">Fossum, Karin</marc:subfield>
            <marc:subfield code="d">1954-</marc:subfield>
            <marc:subfield code="t">En Konrad Sejer-krim</marc:subfield>
            <marc:subfield code="v">15</marc:subfield>
            <marc:subfield code="0">(NO-TrBIB)90608300</marc:subfield>
        </marc:datafield>
        <marc:datafield tag="856" ind1="4" ind2="2">
            <marc:subfield code="3">Originalt bilde</marc:subfield>
            <marc:subfield code="u">https://contents.bibs.aws.unit.no/files/images/original/1/1/9788202670511.jpg</marc:subfield>
            <marc:subfield code="q">image/jpeg</marc:subfield>
        </marc:datafield>
        <marc:datafield tag="856" ind1="4" ind2="2">
            <marc:subfield code="3">Forlagets beskrivelse (lang)</marc:subfield>
            <marc:subfield code="u">https://contents.bibs.aws.unit.no/content/?isbn=9788202670511</marc:subfield>
        </marc:datafield>
        <marc:datafield tag="856" ind1="4" ind2="1">
            <marc:subfield code="a">media.boknett.no</marc:subfield>
            <marc:subfield code="3">Omslagsbilde</marc:subfield>
            <marc:subfield code="u">https://media.boknett.no/objects/05/10/150351005/productimage_ORG_ce2c47e788a9a8053dd4f93d720a269d556a3997.jpg</marc:subfield>
            <marc:subfield code="n">Bokbasen, Oslo</marc:subfield>
            <marc:subfield code="q">image/jpeg</marc:subfield>
        </marc:datafield>
        <marc:datafield tag="856" ind1="4" ind2="1">
            <marc:subfield code="a">media.boknett.no</marc:subfield>
            <marc:subfield code="3">Miniatyrbilde</marc:subfield>
            <marc:subfield code="u">https://media.boknett.no/objects/05/10/150351005/productimage_OS_1e1a93dbd1867d7d13ed7d8251e56a1cc6596749.jpg</marc:subfield>
            <marc:subfield code="n">Bokbasen, Oslo</marc:subfield>
            <marc:subfield code="q">image/jpeg</marc:subfield>
        </marc:datafield>
    </marc:record>