
    <marc:record>
        <marc:leader>01879nam a2200505Ia 4500</marc:leader>
        <marc:controlfield tag="001">999921534114702201</marc:controlfield>
        <marc:controlfield tag="005">20220715053953.0</marc:controlfield>
        <marc:controlfield tag="006">m     o  d |</marc:controlfield>
        <marc:controlfield tag="007">cr -n---------</marc:controlfield>
        <marc:controlfield tag="008">110817r20102008mau     o     000 1 eng d</marc:controlfield>
        <marc:datafield tag="010" ind1=" " ind2=" ">
            <marc:subfield code="z">2010554469</marc:subfield>
        </marc:datafield>
        <marc:datafield tag="020" ind1=" " ind2=" ">
            <marc:subfield code="a">0-547-48726-6</marc:subfield>
        </marc:datafield>
        <marc:datafield tag="035" ind1=" " ind2=" ">
            <marc:subfield code="a">(CKB)2550000001122080</marc:subfield>
        </marc:datafield>
        <marc:datafield tag="035" ind1=" " ind2=" ">
            <marc:subfield code="a">(EBL)3305080</marc:subfield>
        </marc:datafield>
        <marc:datafield tag="035" ind1=" " ind2=" ">
            <marc:subfield code="a">(SSID)ssj0000915390</marc:subfield>
        </marc:datafield>
        <marc:datafield tag="035" ind1=" " ind2=" ">
            <marc:subfield code="a">(PQKBManifestationID)12402079</marc:subfield>
        </marc:datafield>
        <marc:datafield tag="035" ind1=" " ind2=" ">
            <marc:subfield code="a">(PQKBTitleCode)TC0000915390</marc:subfield>
        </marc:datafield>
        <marc:datafield tag="035" ind1=" " ind2=" ">
            <marc:subfield code="a">(PQKBWorkID)10868660</marc:subfield>
        </marc:datafield>
        <marc:datafield tag="035" ind1=" " ind2=" ">
            <marc:subfield code="a">(PQKB)11423034</marc:subfield>
        </marc:datafield>
        <marc:datafield tag="035" ind1=" " ind2=" ">
            <marc:subfield code="a">(MiAaPQ)EBC3305080</marc:subfield>
        </marc:datafield>
        <marc:datafield tag="035" ind1=" " ind2=" ">
            <marc:subfield code="a">(MiAaPQ)EBC5694830</marc:subfield>
        </marc:datafield>
        <marc:datafield tag="035" ind1=" " ind2=" ">
            <marc:subfield code="a">(Au-PeEL)EBL5694830</marc:subfield>
        </marc:datafield>
        <marc:datafield tag="035" ind1=" " ind2=" ">
            <marc:subfield code="a">(EXLCZ)992550000001122080</marc:subfield>
        </marc:datafield>
        <marc:datafield tag="040" ind1=" " ind2=" ">
            <marc:subfield code="a">MiAaPQ</marc:subfield>
            <marc:subfield code="c">MiAaPQ</marc:subfield>
            <marc:subfield code="d">MiAaPQ</marc:subfield>
        </marc:datafield>
        <marc:datafield tag="041" ind1=" " ind2=" ">
            <marc:subfield code="a">eng</marc:subfield>
        </marc:datafield>
        <marc:datafield tag="050" ind1=" " ind2="4">
            <marc:subfield code="a">PT8951.16.O735</marc:subfield>
            <marc:subfield code="b">B7813 2010</marc:subfield>
        </marc:datafield>
        <marc:datafield tag="082" ind1="0" ind2="0">
            <marc:subfield code="a">839.8238</marc:subfield>
        </marc:datafield>
        <marc:datafield tag="100" ind1="1" ind2=" ">
            <marc:subfield code="a">Fossum, Karin,</marc:subfield>
            <marc:subfield code="d">1954-</marc:subfield>
        </marc:datafield>
        <marc:datafield tag="240" ind1="1" ind2="0">
            <marc:subfield code="a">Brudd.</marc:subfield>
            <marc:subfield code="l">English</marc:subfield>
        </marc:datafield>
        <marc:datafield tag="245" ind1="1" ind2="0">
            <marc:subfield code="a">Broken</marc:subfield>
            <marc:subfield code="h">[electronic resource] /</marc:subfield>
            <marc:subfield code="c">Karin Fossum ; translated from the Norwegian by Charlotte Barslund.</marc:subfield>
        </marc:datafield>
        <marc:datafield tag="260" ind1=" " ind2=" ">
            <marc:subfield code="a">Boston :</marc:subfield>
            <marc:subfield code="b">Houghton Mifflin,</marc:subfield>
            <marc:subfield code="c">2010.</marc:subfield>
        </marc:datafield>
        <marc:datafield tag="300" ind1=" " ind2=" ">
            <marc:subfield code="a">1 online resource (272 p.)</marc:subfield>
        </marc:datafield>
        <marc:datafield tag="336" ind1=" " ind2=" ">
            <marc:subfield code="a">text</marc:subfield>
            <marc:subfield code="b">txt</marc:subfield>
        </marc:datafield>
        <marc:datafield tag="337" ind1=" " ind2=" ">
            <marc:subfield code="a">computer</marc:subfield>
            <marc:subfield code="b">c</marc:subfield>
        </marc:datafield>
        <marc:datafield tag="338" ind1=" " ind2=" ">
            <marc:subfield code="a">online resource</marc:subfield>
            <marc:subfield code="b">cr</marc:subfield>
        </marc:datafield>
        <marc:datafield tag="500" ind1=" " ind2=" ">
            <marc:subfield code="a">English translation originally published: London : Harvill Secker, 2008.</marc:subfield>
        </marc:datafield>
        <marc:datafield tag="505" ind1="0" ind2=" ">
            <marc:subfield code="a">&quot;&quot;Front Cover&quot;&quot;; &quot;&quot;Front Flap&quot;&quot;; &quot;&quot;Front Matter&quot;&quot;; &quot;&quot;Half Title&quot;&quot;; &quot;&quot;Title&quot;&quot;; &quot;&quot;Copyright&quot;&quot;; &quot;&quot;Broken&quot;&quot;; &quot;&quot;1&quot;&quot;; &quot;&quot;2&quot;&quot;; &quot;&quot;3&quot;&quot;; &quot;&quot;4&quot;&quot;; &quot;&quot;5&quot;&quot;; &quot;&quot;6&quot;&quot;; &quot;&quot;7&quot;&quot;; &quot;&quot;8&quot;&quot;; &quot;&quot;9&quot;&quot;; &quot;&quot;10&quot;&quot;; &quot;&quot;11&quot;&quot;; &quot;&quot;12&quot;&quot;; &quot;&quot;13&quot;&quot;; &quot;&quot;14&quot;&quot;; &quot;&quot;15&quot;&quot;; &quot;&quot;16&quot;&quot;; &quot;&quot;17&quot;&quot;; &quot;&quot;18&quot;&quot;; &quot;&quot;19&quot;&quot;; &quot;&quot;20&quot;&quot;; &quot;&quot;21&quot;&quot;; &quot;&quot;22&quot;&quot;; &quot;&quot;23&quot;&quot;; &quot;&quot;24&quot;&quot;; &quot;&quot;25&quot;&quot;; &quot;&quot;26&quot;&quot;; &quot;&quot;27&quot;&quot;; &quot;&quot;28&quot;&quot;; &quot;&quot;29&quot;&quot;</marc:subfield>
        </marc:datafield>
        <marc:datafield tag="546" ind1=" " ind2=" ">
            <marc:subfield code="a">English</marc:subfield>
        </marc:datafield>
        <marc:datafield tag="650" ind1=" " ind2="0">
            <marc:subfield code="a">Authors</marc:subfield>
            <marc:subfield code="v">Fiction.</marc:subfield>
        </marc:datafield>
        <marc:datafield tag="650" ind1=" " ind2="0">
            <marc:subfield code="a">Characters and characteristics</marc:subfield>
            <marc:subfield code="v">Fiction.</marc:subfield>
        </marc:datafield>
        <marc:datafield tag="650" ind1=" " ind2="0">
            <marc:subfield code="a">Fiction</marc:subfield>
            <marc:subfield code="x">Authorship</marc:subfield>
            <marc:subfield code="v">Fiction.</marc:subfield>
        </marc:datafield>
        <marc:datafield tag="655" ind1=" " ind2="4">
            <marc:subfield code="a">Electronic books.</marc:subfield>
        </marc:datafield>
        <marc:datafield tag="700" ind1="1" ind2=" ">
            <marc:subfield code="a">Barslund, Charlotte.</marc:subfield>
        </marc:datafield>
        <marc:datafield tag="776" ind1=" " ind2=" ">
            <marc:subfield code="z">0-547-52036-0</marc:subfield>
        </marc:datafield>
        <marc:datafield tag="776" ind1=" " ind2=" ">
            <marc:subfield code="z">1-299-90252-9</marc:subfield>
        </marc:datafield>
    </marc:record>