
    <marc:record>
        <marc:leader>01061nam a2200265 c 4500</marc:leader>
        <marc:controlfield tag="001">999920615961902201</marc:controlfield>
        <marc:controlfield tag="005">20220429154858.0</marc:controlfield>
        <marc:controlfield tag="007">ta</marc:controlfield>
        <marc:controlfield tag="008">180830s2018    rb     e |||||00| f srp|^</marc:controlfield>
        <marc:datafield tag="020" ind1=" " ind2=" ">
            <marc:subfield code="a">978-86-7963-460-3</marc:subfield>
            <marc:subfield code="q">heftet</marc:subfield>
        </marc:datafield>
        <marc:datafield tag="040" ind1=" " ind2=" ">
            <marc:subfield code="a">NO-OsNB</marc:subfield>
            <marc:subfield code="b">nob</marc:subfield>
            <marc:subfield code="e">rda</marc:subfield>
        </marc:datafield>
        <marc:datafield tag="041" ind1="1" ind2=" ">
            <marc:subfield code="a">srp</marc:subfield>
            <marc:subfield code="h">nob</marc:subfield>
        </marc:datafield>
        <marc:datafield tag="082" ind1="0" ind2="4">
            <marc:subfield code="a">839.8238</marc:subfield>
            <marc:subfield code="2">23/nor</marc:subfield>
            <marc:subfield code="q">NO-OsNB</marc:subfield>
        </marc:datafield>
        <marc:datafield tag="100" ind1="1" ind2=" ">
            <marc:subfield code="a">Fossum, Karin</marc:subfield>
            <marc:subfield code="d">1954-</marc:subfield>
            <marc:subfield code="0">(NO-TrBIB)90608300</marc:subfield>
            <marc:subfield code="4">aut</marc:subfield>
        </marc:datafield>
        <marc:datafield tag="245" ind1="1" ind2="0">
            <marc:subfield code="a">Crne sekunde</marc:subfield>
            <marc:subfield code="c">Karin Fosum ; s norveskog prevela Sofija Bilandzija</marc:subfield>
        </marc:datafield>
        <marc:datafield tag="246" ind1="1" ind2=" ">
            <marc:subfield code="i">Originaltittel:</marc:subfield>
            <marc:subfield code="a">Svarte sekunder</marc:subfield>
        </marc:datafield>
        <marc:datafield tag="264" ind1=" " ind2="1">
            <marc:subfield code="a">Beograd</marc:subfield>
            <marc:subfield code="b">Samizdat B92</marc:subfield>
            <marc:subfield code="c">2018</marc:subfield>
        </marc:datafield>
        <marc:datafield tag="300" ind1=" " ind2=" ">
            <marc:subfield code="a">220 sider</marc:subfield>
            <marc:subfield code="c">20 cm</marc:subfield>
        </marc:datafield>
        <marc:datafield tag="336" ind1=" " ind2=" ">
            <marc:subfield code="a">tekst</marc:subfield>
            <marc:subfield code="0">http://rdaregistry.info/termList/RDAContentType/1020</marc:subfield>
            <marc:subfield code="2">rdaco</marc:subfield>
        </marc:datafield>
        <marc:datafield tag="337" ind1=" " ind2=" ">
            <marc:subfield code="a">uformidlet</marc:subfield>
            <marc:subfield code="0">http://rdaregistry.info/termList/RDAMediaType/1007</marc:subfield>
            <marc:subfield code="2">rdamt</marc:subfield>
        </marc:datafield>
        <marc:datafield tag="338" ind1=" " ind2=" ">
            <marc:subfield code="a">bind</marc:subfield>
            <marc:subfield code="0">http://rdaregistry.info/termList/RDACarrierType/1049</marc:subfield>
            <marc:subfield code="2">rdact</marc:subfield>
        </marc:datafield>
        <marc:datafield tag="536" ind1=" " ind2=" ">
            <marc:subfield code="a">NORLA</marc:subfield>
        </marc:datafield>
        <marc:datafield tag="655" ind1=" " ind2="7">
            <marc:subfield code="a">Romaner</marc:subfield>
            <marc:subfield code="0">https://id.nb.no/vocabulary/ntsf/258</marc:subfield>
            <marc:subfield code="0">(NO-OsNB)ntsf258</marc:subfield>
            <marc:subfield code="2">ntsf</marc:subfield>
        </marc:datafield>
        <marc:datafield tag="700" ind1="1" ind2=" ">
            <marc:subfield code="a">Bilandžija, Sofija</marc:subfield>
            <marc:subfield code="d">1975-</marc:subfield>
            <marc:subfield code="0">(NO-TrBIB)11058067</marc:subfield>
            <marc:subfield code="4">trl</marc:subfield>
        </marc:datafield>
        <marc:datafield tag="765" ind1="0" ind2=" ">
            <marc:subfield code="t">Svarte sekunder</marc:subfield>
            <marc:subfield code="w">990216462524702201</marc:subfield>
            <marc:subfield code="z">82-02-22302-4</marc:subfield>
        </marc:datafield>
    </marc:record>