
    <marc:record>
        <marc:leader>01851cgm a2200421 c 4500</marc:leader>
        <marc:controlfield tag="001">990900200064702201</marc:controlfield>
        <marc:controlfield tag="005">20171004154449.0</marc:controlfield>
        <marc:controlfield tag="007">vd |v||||</marc:controlfield>
        <marc:controlfield tag="008">140812s2008    xx#|||||||||||####v|nob|d</marc:controlfield>
        <marc:datafield tag="035" ind1=" " ind2=" ">
            <marc:subfield code="a">090020006-47bibsys_network</marc:subfield>
        </marc:datafield>
        <marc:datafield tag="035" ind1=" " ind2=" ">
            <marc:subfield code="a">(NO-TrBIB)090020006</marc:subfield>
        </marc:datafield>
        <marc:datafield tag="035" ind1=" " ind2=" ">
            <marc:subfield code="a">(WOACT)0000000880</marc:subfield>
        </marc:datafield>
        <marc:datafield tag="040" ind1=" " ind2=" ">
            <marc:subfield code="a">NO-TrBIB</marc:subfield>
            <marc:subfield code="b">nob</marc:subfield>
            <marc:subfield code="e">katreg</marc:subfield>
        </marc:datafield>
        <marc:datafield tag="082" ind1="0" ind2="4">
            <marc:subfield code="a">839.82s</marc:subfield>
            <marc:subfield code="2">21</marc:subfield>
        </marc:datafield>
        <marc:datafield tag="083" ind1="0" ind2=" ">
            <marc:subfield code="a">791.43f</marc:subfield>
            <marc:subfield code="2">21</marc:subfield>
        </marc:datafield>
        <marc:datafield tag="245" ind1="0" ind2="0">
            <marc:subfield code="a">De gales hus</marc:subfield>
            <marc:subfield code="c">manuskript: Åse Vikene ; produsenter: Hilde Berg &amp; Bent Rognlien ; regi: Eva Isaksen</marc:subfield>
            <marc:subfield code="h">[videoopptak]</marc:subfield>
        </marc:datafield>
        <marc:datafield tag="260" ind1=" " ind2=" ">
            <marc:subfield code="a">Oslo</marc:subfield>
            <marc:subfield code="b">Nordisk film</marc:subfield>
            <marc:subfield code="c">c2008</marc:subfield>
        </marc:datafield>
        <marc:datafield tag="300" ind1=" " ind2=" ">
            <marc:subfield code="a">1 plate (DVD-video) (1 t 38 min)</marc:subfield>
            <marc:subfield code="b">lyd, kol.</marc:subfield>
        </marc:datafield>
        <marc:datafield tag="500" ind1=" " ind2=" ">
            <marc:subfield code="a">Drama</marc:subfield>
        </marc:datafield>
        <marc:datafield tag="500" ind1=" " ind2=" ">
            <marc:subfield code="a">Norsk tale, norske og engelske undertekster valgbare</marc:subfield>
        </marc:datafield>
        <marc:datafield tag="500" ind1=" " ind2=" ">
            <marc:subfield code="a">Rolleliste: Ingrid Bolsø Berdal, Thorbjørn Harr, Fridtjov Såheim, Andrea Bræin Hovig</marc:subfield>
        </marc:datafield>
        <marc:datafield tag="500" ind1=" " ind2=" ">
            <marc:subfield code="a">Filmen bygger på en roman av Karin Fossum</marc:subfield>
        </marc:datafield>
        <marc:datafield tag="500" ind1=" " ind2=" ">
            <marc:subfield code="a">Produksjon: Norge : Norsk filmproduksjon, 2008</marc:subfield>
        </marc:datafield>
        <marc:datafield tag="500" ind1=" " ind2=" ">
            <marc:subfield code="a">Kodet for region 2. Widescreen</marc:subfield>
        </marc:datafield>
        <marc:datafield tag="500" ind1=" " ind2=" ">
            <marc:subfield code="a">Medietilsynet : 134224</marc:subfield>
        </marc:datafield>
        <marc:datafield tag="500" ind1=" " ind2=" ">
            <marc:subfield code="a">Nordisk film : 1734831</marc:subfield>
        </marc:datafield>
        <marc:datafield tag="653" ind1=" " ind2=" ">
            <marc:subfield code="a">norske</marc:subfield>
            <marc:subfield code="a">spillefilmer</marc:subfield>
            <marc:subfield code="a">drama</marc:subfield>
            <marc:subfield code="a">psykiatri</marc:subfield>
            <marc:subfield code="a">psykiatriske</marc:subfield>
            <marc:subfield code="a">institusjoner</marc:subfield>
            <marc:subfield code="a">norge</marc:subfield>
            <marc:subfield code="a">norway</marc:subfield>
            <marc:subfield code="a">gruppesamtaler</marc:subfield>
            <marc:subfield code="a">psykiske</marc:subfield>
            <marc:subfield code="a">lidelser</marc:subfield>
        </marc:datafield>
        <marc:datafield tag="655" ind1=" " ind2="7">
            <marc:subfield code="a">DVD</marc:subfield>
            <marc:subfield code="2">humord</marc:subfield>
            <marc:subfield code="0">(NO-TrBIB)HUME19448</marc:subfield>
        </marc:datafield>
        <marc:datafield tag="700" ind1="1" ind2=" ">
            <marc:subfield code="a">Hovig, Andrea Bræin</marc:subfield>
            <marc:subfield code="d">1973-</marc:subfield>
            <marc:subfield code="0">(NO-TrBIB)48545</marc:subfield>
        </marc:datafield>
        <marc:datafield tag="700" ind1="1" ind2=" ">
            <marc:subfield code="a">Såheim, Fridtjov</marc:subfield>
            <marc:subfield code="d">1968-</marc:subfield>
            <marc:subfield code="0">(NO-TrBIB)99006391</marc:subfield>
            <marc:subfield code="4">act</marc:subfield>
        </marc:datafield>
        <marc:datafield tag="700" ind1="1" ind2=" ">
            <marc:subfield code="a">Harr, Thorbjørn</marc:subfield>
            <marc:subfield code="d">1974-</marc:subfield>
            <marc:subfield code="0">(NO-TrBIB)1023162</marc:subfield>
            <marc:subfield code="4">act</marc:subfield>
        </marc:datafield>
        <marc:datafield tag="700" ind1="1" ind2=" ">
            <marc:subfield code="a">Berdal, Ingrid Bolsø</marc:subfield>
            <marc:subfield code="d">1980-</marc:subfield>
            <marc:subfield code="0">(NO-TrBIB)7012268</marc:subfield>
            <marc:subfield code="4">act</marc:subfield>
        </marc:datafield>
        <marc:datafield tag="700" ind1="1" ind2="2">
            <marc:subfield code="a">Fossum, Karin</marc:subfield>
            <marc:subfield code="d">1954-</marc:subfield>
            <marc:subfield code="t">De gales hus</marc:subfield>
            <marc:subfield code="0">(NO-TrBIB)90608300</marc:subfield>
            <marc:subfield code="4">ant</marc:subfield>
        </marc:datafield>
        <marc:datafield tag="700" ind1="1" ind2=" ">
            <marc:subfield code="a">Rognlien, Bent</marc:subfield>
            <marc:subfield code="0">(NO-TrBIB)7058594</marc:subfield>
            <marc:subfield code="4">pro</marc:subfield>
        </marc:datafield>
        <marc:datafield tag="700" ind1="1" ind2=" ">
            <marc:subfield code="a">Berg, Hilde</marc:subfield>
            <marc:subfield code="0">(NO-TrBIB)90691979</marc:subfield>
            <marc:subfield code="4">pro</marc:subfield>
        </marc:datafield>
        <marc:datafield tag="700" ind1="1" ind2=" ">
            <marc:subfield code="a">Vikene, Åse</marc:subfield>
            <marc:subfield code="0">(NO-TrBIB)2038291</marc:subfield>
            <marc:subfield code="4">aus</marc:subfield>
        </marc:datafield>
        <marc:datafield tag="700" ind1="1" ind2=" ">
            <marc:subfield code="a">Isaksen, Eva</marc:subfield>
            <marc:subfield code="d">1956-</marc:subfield>
            <marc:subfield code="0">(NO-TrBIB)90163065</marc:subfield>
            <marc:subfield code="4">drt</marc:subfield>
        </marc:datafield>
        <marc:datafield tag="856" ind1="4" ind2="2">
            <marc:subfield code="3">Sammendrag</marc:subfield>
            <marc:subfield code="u">http://www.imdb.com/title/tt1054110/</marc:subfield>
        </marc:datafield>
    </marc:record>