
    <marc:record>
        <marc:leader>00426nam a22001455u 4500</marc:leader>
        <marc:controlfield tag="001">999921291584702201</marc:controlfield>
        <marc:controlfield tag="005">20210212151114.0</marc:controlfield>
        <marc:controlfield tag="008">210212s2020    xx     |      000 | ara^^</marc:controlfield>
        <marc:datafield tag="020" ind1=" " ind2=" ">
            <marc:subfield code="a">9789773196127</marc:subfield>
        </marc:datafield>
        <marc:datafield tag="041" ind1="1" ind2=" ">
            <marc:subfield code="a">ara</marc:subfield>
        </marc:datafield>
        <marc:datafield tag="100" ind1="1" ind2=" ">
            <marc:subfield code="a">Fossum, Karin</marc:subfield>
        </marc:datafield>
        <marc:datafield tag="245" ind1="1" ind2="0">
            <marc:subfield code="a">[Den som elsker noe annet] :</marc:subfield>
            <marc:subfield code="c">Karin Fossum</marc:subfield>
        </marc:datafield>
        <marc:datafield tag="246" ind1="1" ind2=" ">
            <marc:subfield code="i">Originaltittel:</marc:subfield>
            <marc:subfield code="a">Den som elsker noe annet</marc:subfield>
        </marc:datafield>
        <marc:datafield tag="264" ind1=" " ind2="1">
            <marc:subfield code="a">[Cairo]</marc:subfield>
            <marc:subfield code="b">Al Arabi Publishing and Distributing</marc:subfield>
            <marc:subfield code="c">2020</marc:subfield>
        </marc:datafield>
        <marc:datafield tag="536" ind1=" " ind2=" ">
            <marc:subfield code="a">NORLA</marc:subfield>
        </marc:datafield>
    </marc:record>