
    <marc:record>
        <marc:leader>01850cam a2200385 c 4500</marc:leader>
        <marc:controlfield tag="001">990807123474702201</marc:controlfield>
        <marc:controlfield tag="005">20220429154909.0</marc:controlfield>
        <marc:controlfield tag="007">ta</marc:controlfield>
        <marc:controlfield tag="007">cr||||||||||||</marc:controlfield>
        <marc:controlfield tag="008">150121s2008    no#||||| |||||000|f|nob|^</marc:controlfield>
        <marc:datafield tag="015" ind1=" " ind2=" ">
            <marc:subfield code="a">0809294</marc:subfield>
            <marc:subfield code="2">nbf</marc:subfield>
        </marc:datafield>
        <marc:datafield tag="020" ind1=" " ind2=" ">
            <marc:subfield code="a">9788202282363</marc:subfield>
            <marc:subfield code="q">h.</marc:subfield>
            <marc:subfield code="c">Nkr 99.00</marc:subfield>
        </marc:datafield>
        <marc:datafield tag="035" ind1=" " ind2=" ">
            <marc:subfield code="a">080712347-47bibsys_network</marc:subfield>
        </marc:datafield>
        <marc:datafield tag="035" ind1=" " ind2=" ">
            <marc:subfield code="a">(NO-TrBIB)080712347</marc:subfield>
        </marc:datafield>
        <marc:datafield tag="035" ind1=" " ind2=" ">
            <marc:subfield code="a">(NO-TrBIB)15009289x</marc:subfield>
        </marc:datafield>
        <marc:datafield tag="040" ind1=" " ind2=" ">
            <marc:subfield code="a">NO-OsNB</marc:subfield>
            <marc:subfield code="b">nob</marc:subfield>
            <marc:subfield code="e">katreg</marc:subfield>
        </marc:datafield>
        <marc:datafield tag="042" ind1=" " ind2=" ">
            <marc:subfield code="a">norbibl</marc:subfield>
        </marc:datafield>
        <marc:datafield tag="044" ind1=" " ind2=" ">
            <marc:subfield code="c">no</marc:subfield>
        </marc:datafield>
        <marc:datafield tag="082" ind1="0" ind2="4">
            <marc:subfield code="a">839.82</marc:subfield>
            <marc:subfield code="2">23</marc:subfield>
        </marc:datafield>
        <marc:datafield tag="082" ind1="7" ind2="4">
            <marc:subfield code="a">839.823</marc:subfield>
            <marc:subfield code="q">NO-OsNB</marc:subfield>
            <marc:subfield code="2">5/nor</marc:subfield>
        </marc:datafield>
        <marc:datafield tag="100" ind1="1" ind2=" ">
            <marc:subfield code="a">Fossum, Karin</marc:subfield>
            <marc:subfield code="d">1954-</marc:subfield>
            <marc:subfield code="0">(NO-TrBIB)90608300</marc:subfield>
        </marc:datafield>
        <marc:datafield tag="245" ind1="1" ind2="0">
            <marc:subfield code="a">Den som elsker noe annet :</marc:subfield>
            <marc:subfield code="b">kriminalroman</marc:subfield>
            <marc:subfield code="c">Karin Fossum</marc:subfield>
        </marc:datafield>
        <marc:datafield tag="260" ind1=" " ind2=" ">
            <marc:subfield code="a">[Oslo]</marc:subfield>
            <marc:subfield code="b">Cappelen Damm</marc:subfield>
            <marc:subfield code="c">2008</marc:subfield>
        </marc:datafield>
        <marc:datafield tag="300" ind1=" " ind2=" ">
            <marc:subfield code="a">226 s.</marc:subfield>
        </marc:datafield>
        <marc:datafield tag="500" ind1=" " ind2=" ">
            <marc:subfield code="a">1. utg. Oslo : Cappelen, 2007</marc:subfield>
        </marc:datafield>
        <marc:datafield tag="533" ind1=" " ind2=" ">
            <marc:subfield code="a">Elektronisk reproduksjon</marc:subfield>
            <marc:subfield code="b">[Norge]</marc:subfield>
            <marc:subfield code="c">Nasjonalbiblioteket Digital</marc:subfield>
            <marc:subfield code="d">2014-12-01</marc:subfield>
        </marc:datafield>
        <marc:datafield tag="653" ind1=" " ind2=" ">
            <marc:subfield code="a">norsk</marc:subfield>
            <marc:subfield code="a">romaner</marc:subfield>
            <marc:subfield code="a">2000-tallet</marc:subfield>
            <marc:subfield code="a">krim</marc:subfield>
            <marc:subfield code="a">spenning</marc:subfield>
        </marc:datafield>
        <marc:datafield tag="655" ind1=" " ind2="7">
            <marc:subfield code="a">Romaner</marc:subfield>
            <marc:subfield code="0">https://id.nb.no/vocabulary/ntsf/258</marc:subfield>
            <marc:subfield code="0">(NO-OsNB)ntsf258</marc:subfield>
            <marc:subfield code="2">ntsf</marc:subfield>
        </marc:datafield>
        <marc:datafield tag="856" ind1="4" ind2="2">
            <marc:subfield code="3">Forlagets beskrivelse (lang)</marc:subfield>
            <marc:subfield code="u">https://contents.bibs.aws.unit.no/content/?isbn=9788202282363</marc:subfield>
        </marc:datafield>
        <marc:datafield tag="856" ind1="4" ind2="2">
            <marc:subfield code="3">Omslagsbilde</marc:subfield>
            <marc:subfield code="u">https://contents.bibs.aws.unit.no/files/images/large/3/6/9788202282363.jpg</marc:subfield>
            <marc:subfield code="q">image/jpeg</marc:subfield>
        </marc:datafield>
        <marc:datafield tag="856" ind1="4" ind2="2">
            <marc:subfield code="3">Miniatyrbilde</marc:subfield>
            <marc:subfield code="u">https://contents.bibs.aws.unit.no/files/images/small/3/6/9788202282363.jpg</marc:subfield>
            <marc:subfield code="q">image/jpeg</marc:subfield>
        </marc:datafield>
        <marc:datafield tag="856" ind1="4" ind2="2">
            <marc:subfield code="3">Originalt bilde</marc:subfield>
            <marc:subfield code="u">https://contents.bibs.aws.unit.no/files/images/original/3/6/9788202282363.jpg</marc:subfield>
            <marc:subfield code="q">image/jpeg</marc:subfield>
        </marc:datafield>
        <marc:datafield tag="856" ind1="4" ind2="2">
            <marc:subfield code="3">Beskrivelse fra forlaget (kort)</marc:subfield>
            <marc:subfield code="u">http://content.bibsys.no/content/?type=descr_publ_brief&amp;isbn=8202282365</marc:subfield>
        </marc:datafield>
        <marc:datafield tag="856" ind1="4" ind2="2">
            <marc:subfield code="3">Beskrivelse fra Forlagssentralen</marc:subfield>
            <marc:subfield code="u">http://content.bibsys.no/content/?type=descr_forlagssentr&amp;isbn=8202282365</marc:subfield>
        </marc:datafield>
        <marc:datafield tag="856" ind1="4" ind2="1">
            <marc:subfield code="3">Fulltekst</marc:subfield>
            <marc:subfield code="u">https://www.nb.no/search?q=oaiid:&quot;oai:nb.bibsys.no:990807123474702202&quot;&amp;mediatype=bøker</marc:subfield>
            <marc:subfield code="y">Nettbiblioteket</marc:subfield>
            <marc:subfield code="z">Søke-URL</marc:subfield>
        </marc:datafield>
    </marc:record>