
    <marc:record>
        <marc:leader>00848nam a2200229 c 4500</marc:leader>
        <marc:controlfield tag="001">999920133867602201</marc:controlfield>
        <marc:controlfield tag="005">20220429154437.0</marc:controlfield>
        <marc:controlfield tag="007">ta</marc:controlfield>
        <marc:controlfield tag="008">160627s2000    sw     e |||||000 f swe|^</marc:controlfield>
        <marc:datafield tag="020" ind1=" " ind2=" ">
            <marc:subfield code="a">91-43-01037-7</marc:subfield>
            <marc:subfield code="q">h.</marc:subfield>
        </marc:datafield>
        <marc:datafield tag="040" ind1=" " ind2=" ">
            <marc:subfield code="a">NO-OsNB</marc:subfield>
            <marc:subfield code="b">nob</marc:subfield>
            <marc:subfield code="e">katreg</marc:subfield>
        </marc:datafield>
        <marc:datafield tag="041" ind1="0" ind2=" ">
            <marc:subfield code="a">swe</marc:subfield>
            <marc:subfield code="h">nob</marc:subfield>
        </marc:datafield>
        <marc:datafield tag="082" ind1="0" ind2="4">
            <marc:subfield code="a">839.823</marc:subfield>
            <marc:subfield code="2">23/nor</marc:subfield>
            <marc:subfield code="q">NO-OsNB</marc:subfield>
        </marc:datafield>
        <marc:datafield tag="100" ind1="1" ind2=" ">
            <marc:subfield code="a">Fossum, Karin</marc:subfield>
            <marc:subfield code="d">1954-</marc:subfield>
            <marc:subfield code="0">(NO-TrBIB)90608300</marc:subfield>
            <marc:subfield code="4">aut</marc:subfield>
        </marc:datafield>
        <marc:datafield tag="245" ind1="1" ind2="0">
            <marc:subfield code="a">Den som fruktar vargen</marc:subfield>
            <marc:subfield code="c">Karin Fossum ; översättning av Helena och Ulf Örnkloo</marc:subfield>
        </marc:datafield>
        <marc:datafield tag="246" ind1="1" ind2="1">
            <marc:subfield code="a">Den som frykter ulven</marc:subfield>
            <marc:subfield code="i">Originaltittel:</marc:subfield>
        </marc:datafield>
        <marc:datafield tag="260" ind1=" " ind2=" ">
            <marc:subfield code="a">[Stockholm]</marc:subfield>
            <marc:subfield code="b">Bonnierförl.</marc:subfield>
            <marc:subfield code="c">2000</marc:subfield>
        </marc:datafield>
        <marc:datafield tag="300" ind1=" " ind2=" ">
            <marc:subfield code="a">209 s.</marc:subfield>
            <marc:subfield code="c">22 cm</marc:subfield>
        </marc:datafield>
        <marc:datafield tag="655" ind1=" " ind2="7">
            <marc:subfield code="a">Romaner</marc:subfield>
            <marc:subfield code="0">https://id.nb.no/vocabulary/ntsf/258</marc:subfield>
            <marc:subfield code="0">(NO-OsNB)ntsf258</marc:subfield>
            <marc:subfield code="2">ntsf</marc:subfield>
        </marc:datafield>
        <marc:datafield tag="700" ind1="1" ind2=" ">
            <marc:subfield code="a">Örnkloo, Helena</marc:subfield>
            <marc:subfield code="0">(NO-TrBIB)11042884</marc:subfield>
            <marc:subfield code="4">trl</marc:subfield>
        </marc:datafield>
        <marc:datafield tag="700" ind1="1" ind2=" ">
            <marc:subfield code="a">Örnkloo, Ulf</marc:subfield>
            <marc:subfield code="d">1934-</marc:subfield>
            <marc:subfield code="0">(NO-TrBIB)90137513</marc:subfield>
            <marc:subfield code="4">trl</marc:subfield>
        </marc:datafield>
        <marc:datafield tag="765" ind1="0" ind2=" ">
            <marc:subfield code="t">Den som frykter ulven</marc:subfield>
            <marc:subfield code="w">999710795794702201</marc:subfield>
        </marc:datafield>
    </marc:record>