
    <marc:record>
        <marc:leader>02262nam a2200433 c 4500</marc:leader>
        <marc:controlfield tag="001">999920567625302201</marc:controlfield>
        <marc:controlfield tag="005">20220429153955.0</marc:controlfield>
        <marc:controlfield tag="007">ta</marc:controlfield>
        <marc:controlfield tag="008">180605s2018    no     e |||||00| f nob|^</marc:controlfield>
        <marc:datafield tag="020" ind1=" " ind2=" ">
            <marc:subfield code="a">978-82-02-60259-8</marc:subfield>
            <marc:subfield code="q">h.</marc:subfield>
            <marc:subfield code="c">Nkr 179.00</marc:subfield>
        </marc:datafield>
        <marc:datafield tag="035" ind1=" " ind2=" ">
            <marc:subfield code="a">(NO-OsBAS)150296212</marc:subfield>
        </marc:datafield>
        <marc:datafield tag="040" ind1=" " ind2=" ">
            <marc:subfield code="a">NO-OsBAS</marc:subfield>
            <marc:subfield code="b">nob</marc:subfield>
            <marc:subfield code="d">NO-OsNB</marc:subfield>
            <marc:subfield code="e">katreg</marc:subfield>
        </marc:datafield>
        <marc:datafield tag="082" ind1="0" ind2="4">
            <marc:subfield code="a">839.82374</marc:subfield>
            <marc:subfield code="q">NO-OsBAS</marc:subfield>
            <marc:subfield code="2">23/nor</marc:subfield>
        </marc:datafield>
        <marc:datafield tag="100" ind1="1" ind2=" ">
            <marc:subfield code="a">Fossum, Karin</marc:subfield>
            <marc:subfield code="d">1954-</marc:subfield>
            <marc:subfield code="0">(NO-TrBIB)90608300</marc:subfield>
            <marc:subfield code="4">aut</marc:subfield>
        </marc:datafield>
        <marc:datafield tag="245" ind1="1" ind2="0">
            <marc:subfield code="a">Den som frykter ulven</marc:subfield>
            <marc:subfield code="c">Karin Fossum</marc:subfield>
        </marc:datafield>
        <marc:datafield tag="260" ind1=" " ind2=" ">
            <marc:subfield code="a">[Oslo]</marc:subfield>
            <marc:subfield code="b">Cappelen Damm</marc:subfield>
            <marc:subfield code="c">2018</marc:subfield>
        </marc:datafield>
        <marc:datafield tag="300" ind1=" " ind2=" ">
            <marc:subfield code="a">252 s.</marc:subfield>
            <marc:subfield code="c">21 cm</marc:subfield>
        </marc:datafield>
        <marc:datafield tag="336" ind1=" " ind2=" ">
            <marc:subfield code="a">text</marc:subfield>
            <marc:subfield code="b">txt</marc:subfield>
            <marc:subfield code="2">rdacontent</marc:subfield>
        </marc:datafield>
        <marc:datafield tag="337" ind1=" " ind2=" ">
            <marc:subfield code="a">unmediated</marc:subfield>
            <marc:subfield code="b">n</marc:subfield>
            <marc:subfield code="2">rdamedia</marc:subfield>
        </marc:datafield>
        <marc:datafield tag="338" ind1=" " ind2=" ">
            <marc:subfield code="a">volume</marc:subfield>
            <marc:subfield code="b">nc</marc:subfield>
            <marc:subfield code="2">rdacarrier</marc:subfield>
        </marc:datafield>
        <marc:datafield tag="490" ind1="1" ind2=" ">
            <marc:subfield code="a">En Konrad Sejer-krim</marc:subfield>
            <marc:subfield code="v">[3]</marc:subfield>
        </marc:datafield>
        <marc:datafield tag="500" ind1=" " ind2=" ">
            <marc:subfield code="a">1. utg. Oslo : Cappelen, 1997</marc:subfield>
        </marc:datafield>
        <marc:datafield tag="520" ind1=" " ind2=" ">
            <marc:subfield code="a">Gamle Haldis Horn blir funnet død på trappen til det lille småbruket sitt. Den tolv år gamle barnehjemsgutten, Kannick, finner henne, og han kan fortelle at han har sett Errki Johrma som nettopp har rømt fra en psykiatrisk institusjon.</marc:subfield>
        </marc:datafield>
        <marc:datafield tag="533" ind1=" " ind2=" ">
            <marc:subfield code="a">Elektronisk reproduksjon</marc:subfield>
            <marc:subfield code="b">[Norge]</marc:subfield>
            <marc:subfield code="c">Nasjonalbiblioteket Digital</marc:subfield>
            <marc:subfield code="d">2020-07-16</marc:subfield>
        </marc:datafield>
        <marc:datafield tag="650" ind1=" " ind2="7">
            <marc:subfield code="a">Sejer, Konrad (fiktiv person)</marc:subfield>
            <marc:subfield code="2">bokbas</marc:subfield>
        </marc:datafield>
        <marc:datafield tag="651" ind1=" " ind2="7">
            <marc:subfield code="a">Østlandet</marc:subfield>
            <marc:subfield code="2">bokbas</marc:subfield>
            <marc:subfield code="9">nob</marc:subfield>
        </marc:datafield>
        <marc:datafield tag="651" ind1=" " ind2="7">
            <marc:subfield code="a">Austlandet</marc:subfield>
            <marc:subfield code="2">bokbas</marc:subfield>
            <marc:subfield code="9">nno</marc:subfield>
        </marc:datafield>
        <marc:datafield tag="655" ind1=" " ind2="7">
            <marc:subfield code="a">Romaner</marc:subfield>
            <marc:subfield code="2">bokbas</marc:subfield>
            <marc:subfield code="9">nob</marc:subfield>
        </marc:datafield>
        <marc:datafield tag="655" ind1=" " ind2="7">
            <marc:subfield code="a">Romanar</marc:subfield>
            <marc:subfield code="2">bokbas</marc:subfield>
            <marc:subfield code="9">nno</marc:subfield>
        </marc:datafield>
        <marc:datafield tag="655" ind1=" " ind2="7">
            <marc:subfield code="a">Krim</marc:subfield>
            <marc:subfield code="2">bokbas</marc:subfield>
            <marc:subfield code="9">nob</marc:subfield>
        </marc:datafield>
        <marc:datafield tag="655" ind1=" " ind2="7">
            <marc:subfield code="a">Krim</marc:subfield>
            <marc:subfield code="2">bokbas</marc:subfield>
            <marc:subfield code="9">nno</marc:subfield>
        </marc:datafield>
        <marc:datafield tag="655" ind1=" " ind2="7">
            <marc:subfield code="a">Politi og detektiver</marc:subfield>
            <marc:subfield code="2">bokbas</marc:subfield>
            <marc:subfield code="9">nob</marc:subfield>
        </marc:datafield>
        <marc:datafield tag="655" ind1=" " ind2="7">
            <marc:subfield code="a">Politi og detektivar</marc:subfield>
            <marc:subfield code="2">bokbas</marc:subfield>
            <marc:subfield code="9">nno</marc:subfield>
        </marc:datafield>
        <marc:datafield tag="655" ind1=" " ind2="7">
            <marc:subfield code="a">Romaner</marc:subfield>
            <marc:subfield code="0">https://id.nb.no/vocabulary/ntsf/258</marc:subfield>
            <marc:subfield code="0">(NO-OsNB)ntsf258</marc:subfield>
            <marc:subfield code="2">ntsf</marc:subfield>
        </marc:datafield>
        <marc:datafield tag="800" ind1="1" ind2=" ">
            <marc:subfield code="a">Fossum, Karin</marc:subfield>
            <marc:subfield code="d">1954-</marc:subfield>
            <marc:subfield code="t">En Konrad Sejer-krim;</marc:subfield>
            <marc:subfield code="v">3</marc:subfield>
            <marc:subfield code="0">(NO-TrBIB)90608300</marc:subfield>
            <marc:subfield code="4">aut</marc:subfield>
        </marc:datafield>
        <marc:datafield tag="856" ind1="4" ind2="2">
            <marc:subfield code="3">Originalt bilde</marc:subfield>
            <marc:subfield code="u">https://contents.bibs.aws.unit.no/files/images/original/8/9/9788202602598.jpg</marc:subfield>
            <marc:subfield code="q">image/jpeg</marc:subfield>
        </marc:datafield>
        <marc:datafield tag="856" ind1="4" ind2="1">
            <marc:subfield code="a">media.boknett.no</marc:subfield>
            <marc:subfield code="3">Omslagsbilde</marc:subfield>
            <marc:subfield code="u">https://media.boknett.no/objects/12/62/150296212/productimage_ORG_7e7730fdb2b53c402e92a892b860e957aee18630.jpg</marc:subfield>
            <marc:subfield code="n">Bokbasen, Oslo</marc:subfield>
            <marc:subfield code="q">image/jpeg</marc:subfield>
        </marc:datafield>
        <marc:datafield tag="856" ind1="4" ind2="1">
            <marc:subfield code="a">media.boknett.no</marc:subfield>
            <marc:subfield code="3">Miniatyrbilde</marc:subfield>
            <marc:subfield code="u">https://media.boknett.no/objects/12/62/150296212/productimage_OS_f7d22aef0f04d7a81bb3566d622a448c8365e2d4.jpg</marc:subfield>
            <marc:subfield code="n">Bokbasen, Oslo</marc:subfield>
            <marc:subfield code="q">image/jpeg</marc:subfield>
        </marc:datafield>
        <marc:datafield tag="856" ind1="4" ind2="1">
            <marc:subfield code="3">Fulltekst</marc:subfield>
            <marc:subfield code="u">https://www.nb.no/search?q=oaiid:&quot;oai:nb.bibsys.no:999919951901002202&quot;&amp;mediatype=bøker</marc:subfield>
            <marc:subfield code="y">Nettbiblioteket</marc:subfield>
            <marc:subfield code="z">Søke-URL</marc:subfield>
        </marc:datafield>
    </marc:record>