
    <marc:record>
        <marc:leader>02078cam a2200469 c 4500</marc:leader>
        <marc:controlfield tag="001">999816816034702201</marc:controlfield>
        <marc:controlfield tag="005">20220907131810.0</marc:controlfield>
        <marc:controlfield tag="007">ta</marc:controlfield>
        <marc:controlfield tag="007">cr||||||||||||</marc:controlfield>
        <marc:controlfield tag="008">150929s1998    no ||||| |||||000|1|nob|^</marc:controlfield>
        <marc:datafield tag="015" ind1=" " ind2=" ">
            <marc:subfield code="a">9810213</marc:subfield>
            <marc:subfield code="2">nbf</marc:subfield>
        </marc:datafield>
        <marc:datafield tag="020" ind1=" " ind2=" ">
            <marc:subfield code="a">8202183634</marc:subfield>
            <marc:subfield code="q">ib.</marc:subfield>
            <marc:subfield code="c">Nkr 289.00</marc:subfield>
            <marc:subfield code="q">Cappelen</marc:subfield>
        </marc:datafield>
        <marc:datafield tag="020" ind1=" " ind2=" ">
            <marc:subfield code="a">8257412163</marc:subfield>
            <marc:subfield code="q">ib.</marc:subfield>
            <marc:subfield code="q">Nye bøker</marc:subfield>
        </marc:datafield>
        <marc:datafield tag="020" ind1=" " ind2=" ">
            <marc:subfield code="a">8202183634</marc:subfield>
            <marc:subfield code="z">8259802856</marc:subfield>
            <marc:subfield code="q">ib.</marc:subfield>
            <marc:subfield code="c">Nkr 289.00</marc:subfield>
            <marc:subfield code="q">rettet : Krim</marc:subfield>
        </marc:datafield>
        <marc:datafield tag="035" ind1=" " ind2=" ">
            <marc:subfield code="a">981681603-47bibsys_network</marc:subfield>
        </marc:datafield>
        <marc:datafield tag="035" ind1=" " ind2=" ">
            <marc:subfield code="a">(NO-TrBIB)981681603</marc:subfield>
        </marc:datafield>
        <marc:datafield tag="035" ind1=" " ind2=" ">
            <marc:subfield code="a">(NO-TrBIB)091995701</marc:subfield>
        </marc:datafield>
        <marc:datafield tag="040" ind1=" " ind2=" ">
            <marc:subfield code="a">NO-OsNB</marc:subfield>
            <marc:subfield code="b">nob</marc:subfield>
            <marc:subfield code="e">katreg</marc:subfield>
        </marc:datafield>
        <marc:datafield tag="042" ind1=" " ind2=" ">
            <marc:subfield code="a">norbibl</marc:subfield>
        </marc:datafield>
        <marc:datafield tag="044" ind1=" " ind2=" ">
            <marc:subfield code="c">no</marc:subfield>
        </marc:datafield>
        <marc:datafield tag="080" ind1=" " ind2=" ">
            <marc:subfield code="a">839.6</marc:subfield>
        </marc:datafield>
        <marc:datafield tag="080" ind1=" " ind2=" ">
            <marc:subfield code="a">82</marc:subfield>
        </marc:datafield>
        <marc:datafield tag="082" ind1="0" ind2="4">
            <marc:subfield code="a">839.82</marc:subfield>
            <marc:subfield code="2">23</marc:subfield>
        </marc:datafield>
        <marc:datafield tag="082" ind1="7" ind2="4">
            <marc:subfield code="a">839.823</marc:subfield>
            <marc:subfield code="q">NO-OsNB</marc:subfield>
            <marc:subfield code="2">4/nor</marc:subfield>
        </marc:datafield>
        <marc:datafield tag="084" ind1=" " ind2=" ">
            <marc:subfield code="a">S 4b</marc:subfield>
            <marc:subfield code="2">oosk</marc:subfield>
        </marc:datafield>
        <marc:datafield tag="100" ind1="1" ind2=" ">
            <marc:subfield code="a">Fossum, Karin</marc:subfield>
            <marc:subfield code="d">1954-</marc:subfield>
            <marc:subfield code="0">(NO-TrBIB)90608300</marc:subfield>
        </marc:datafield>
        <marc:datafield tag="245" ind1="1" ind2="0">
            <marc:subfield code="a">Djevelen holder lyset :</marc:subfield>
            <marc:subfield code="b">kriminalroman</marc:subfield>
            <marc:subfield code="c">Karin Fossum</marc:subfield>
        </marc:datafield>
        <marc:datafield tag="260" ind1=" " ind2=" ">
            <marc:subfield code="a">[Oslo]</marc:subfield>
            <marc:subfield code="b">Cappelen</marc:subfield>
            <marc:subfield code="c">1998</marc:subfield>
        </marc:datafield>
        <marc:datafield tag="300" ind1=" " ind2=" ">
            <marc:subfield code="a">232 s.</marc:subfield>
        </marc:datafield>
        <marc:datafield tag="500" ind1=" " ind2=" ">
            <marc:subfield code="a">Opplagshistorikk:  2.-3. oppl. 1998; [Nytt oppl.] 2000; [Nytt oppl.] 2001;  [Nytt oppl.] 2002</marc:subfield>
        </marc:datafield>
        <marc:datafield tag="533" ind1=" " ind2=" ">
            <marc:subfield code="a">Elektronisk reproduksjon</marc:subfield>
            <marc:subfield code="b">[Norge]</marc:subfield>
            <marc:subfield code="c">Nasjonalbiblioteket Digital</marc:subfield>
            <marc:subfield code="d">2008-09-23</marc:subfield>
        </marc:datafield>
        <marc:datafield tag="653" ind1=" " ind2=" ">
            <marc:subfield code="a">norsk-litteratur</marc:subfield>
            <marc:subfield code="a">roman</marc:subfield>
            <marc:subfield code="a">skjønnlitteratur</marc:subfield>
            <marc:subfield code="a">onde</marc:subfield>
            <marc:subfield code="a">voksne</marc:subfield>
            <marc:subfield code="a">norsk</marc:subfield>
            <marc:subfield code="a">krim/spenning</marc:subfield>
            <marc:subfield code="a">1990-tallet</marc:subfield>
            <marc:subfield code="a">kriminalromaner</marc:subfield>
        </marc:datafield>
        <marc:datafield tag="655" ind1=" " ind2="4">
            <marc:subfield code="a">Kriminal</marc:subfield>
        </marc:datafield>
        <marc:datafield tag="767" ind1="0" ind2=" ">
            <marc:subfield code="a">Fossum, Karin</marc:subfield>
            <marc:subfield code="t">Ked' diabol svieti na cestu</marc:subfield>
            <marc:subfield code="w">991516881334702201</marc:subfield>
        </marc:datafield>
        <marc:datafield tag="767" ind1="0" ind2=" ">
            <marc:subfield code="a">Fossum, Karin</marc:subfield>
            <marc:subfield code="t">Kad vrag drži svijeću /</marc:subfield>
            <marc:subfield code="w">999920163037602201</marc:subfield>
        </marc:datafield>
        <marc:datafield tag="767" ind1="0" ind2=" ">
            <marc:subfield code="a">Fossum, Karin</marc:subfield>
            <marc:subfield code="t">La luz del diablo</marc:subfield>
            <marc:subfield code="w">999920333585702201</marc:subfield>
        </marc:datafield>
        <marc:datafield tag="767" ind1="0" ind2=" ">
            <marc:subfield code="a">Fossum, Karin</marc:subfield>
            <marc:subfield code="t">Kad đavo drži sveću</marc:subfield>
            <marc:subfield code="w">999920421570202201</marc:subfield>
        </marc:datafield>
        <marc:datafield tag="767" ind1="0" ind2=" ">
            <marc:subfield code="t">Dunkler Schlaf</marc:subfield>
            <marc:subfield code="w">999920570190402201</marc:subfield>
        </marc:datafield>
        <marc:datafield tag="856" ind1="4" ind2="2">
            <marc:subfield code="3">Originalt bilde</marc:subfield>
            <marc:subfield code="u">https://contents.bibs.aws.unit.no/files/images/original/9/3/9788202183639.jpg</marc:subfield>
            <marc:subfield code="q">image/jpeg</marc:subfield>
        </marc:datafield>
        <marc:datafield tag="856" ind1="4" ind2="2">
            <marc:subfield code="3">Forlagets beskrivelse (kort)</marc:subfield>
            <marc:subfield code="u">https://contents.bibs.aws.unit.no/?isbn=8202183634</marc:subfield>
        </marc:datafield>
        <marc:datafield tag="856" ind1="4" ind2="2">
            <marc:subfield code="3">Omslagsbilde</marc:subfield>
            <marc:subfield code="u">https://contents.bibs.aws.unit.no/files/images/small/9/3/9788202183639.jpg</marc:subfield>
            <marc:subfield code="q">image/jpeg</marc:subfield>
        </marc:datafield>
        <marc:datafield tag="856" ind1="4" ind2="1">
            <marc:subfield code="3">Fulltekst</marc:subfield>
            <marc:subfield code="u">https://www.nb.no/search?q=oaiid:&quot;oai:nb.bibsys.no:999816816034702202&quot;&amp;mediatype=bøker</marc:subfield>
            <marc:subfield code="y">Nettbiblioteket</marc:subfield>
            <marc:subfield code="z">Søke-URL</marc:subfield>
        </marc:datafield>
    </marc:record>