
    <marc:record>
        <marc:leader>03388cim a22005171c 4500</marc:leader>
        <marc:controlfield tag="001">999921543388702201</marc:controlfield>
        <marc:controlfield tag="005">20220812111809.0</marc:controlfield>
        <marc:controlfield tag="007">cr#nna||||||||</marc:controlfield>
        <marc:controlfield tag="008">210907s2021    no ||||eo||||||0| |0nob|^</marc:controlfield>
        <marc:datafield tag="020" ind1=" " ind2=" ">
            <marc:subfield code="a">9788202733001</marc:subfield>
            <marc:subfield code="c">Nkr 399.00</marc:subfield>
        </marc:datafield>
        <marc:datafield tag="035" ind1=" " ind2=" ">
            <marc:subfield code="a">(NO-OsBA)0626162</marc:subfield>
        </marc:datafield>
        <marc:datafield tag="035" ind1=" " ind2=" ">
            <marc:subfield code="a">oai:bibbi.bs.no:0626162</marc:subfield>
        </marc:datafield>
        <marc:datafield tag="040" ind1=" " ind2=" ">
            <marc:subfield code="a">NO-OsBA</marc:subfield>
            <marc:subfield code="b">nob</marc:subfield>
            <marc:subfield code="e">rda</marc:subfield>
            <marc:subfield code="d">NO-OsNB</marc:subfield>
        </marc:datafield>
        <marc:datafield tag="082" ind1="0" ind2="4">
            <marc:subfield code="a">839.82374</marc:subfield>
            <marc:subfield code="q">NO-OsBA</marc:subfield>
            <marc:subfield code="2">23/nor</marc:subfield>
        </marc:datafield>
        <marc:datafield tag="100" ind1="1" ind2=" ">
            <marc:subfield code="a">Fossum, Karin</marc:subfield>
            <marc:subfield code="d">1954-</marc:subfield>
            <marc:subfield code="0">(NO-TrBIB)90608300</marc:subfield>
            <marc:subfield code="4">aut</marc:subfield>
        </marc:datafield>
        <marc:datafield tag="240" ind1="0" ind2="0">
            <marc:subfield code="a">Drepende drage, angrende hund</marc:subfield>
        </marc:datafield>
        <marc:datafield tag="245" ind1="1" ind2="0">
            <marc:subfield code="a">Drepende drage, angrende hund</marc:subfield>
            <marc:subfield code="b">roman</marc:subfield>
            <marc:subfield code="c">Karin Fossum ; lest av Kim Haugen</marc:subfield>
        </marc:datafield>
        <marc:datafield tag="264" ind1=" " ind2="1">
            <marc:subfield code="a">Oslo</marc:subfield>
            <marc:subfield code="b">Cappelen Damm</marc:subfield>
            <marc:subfield code="c">2021</marc:subfield>
        </marc:datafield>
        <marc:datafield tag="300" ind1=" " ind2=" ">
            <marc:subfield code="a">1 lydfil (6 t, 27 min)</marc:subfield>
        </marc:datafield>
        <marc:datafield tag="336" ind1=" " ind2=" ">
            <marc:subfield code="a">tale</marc:subfield>
            <marc:subfield code="0">http://rdaregistry.info/termList/RDAContentType/1013</marc:subfield>
            <marc:subfield code="2">rdaco</marc:subfield>
        </marc:datafield>
        <marc:datafield tag="337" ind1=" " ind2=" ">
            <marc:subfield code="a">lydmedier</marc:subfield>
            <marc:subfield code="0">http://rdaregistry.info/termList/RDAMediaType/1001</marc:subfield>
            <marc:subfield code="2">rdamt</marc:subfield>
        </marc:datafield>
        <marc:datafield tag="337" ind1=" " ind2=" ">
            <marc:subfield code="a">datamaskin</marc:subfield>
            <marc:subfield code="0">http://rdaregistry.info/termList/RDAMediaType/1003</marc:subfield>
            <marc:subfield code="2">rdamt</marc:subfield>
        </marc:datafield>
        <marc:datafield tag="338" ind1=" " ind2=" ">
            <marc:subfield code="a">online (nettilkoblet) ressurs</marc:subfield>
            <marc:subfield code="0">http://rdaregistry.info/termList/RDACarrierType/1018</marc:subfield>
            <marc:subfield code="2">rdact</marc:subfield>
        </marc:datafield>
        <marc:datafield tag="347" ind1=" " ind2=" ">
            <marc:subfield code="a">lydfil</marc:subfield>
            <marc:subfield code="0">http://rdaregistry.info/termList/fileType/1001</marc:subfield>
            <marc:subfield code="2">rdaft</marc:subfield>
        </marc:datafield>
        <marc:datafield tag="347" ind1=" " ind2=" ">
            <marc:subfield code="b">WMA</marc:subfield>
        </marc:datafield>
        <marc:datafield tag="490" ind1="1" ind2=" ">
            <marc:subfield code="a">En Feber-krim</marc:subfield>
            <marc:subfield code="v">[1]</marc:subfield>
        </marc:datafield>
        <marc:datafield tag="500" ind1=" " ind2=" ">
            <marc:subfield code="a">Nedlastbar e-lydbok. WMA med DRM</marc:subfield>
        </marc:datafield>
        <marc:datafield tag="520" ind1=" " ind2=" ">
            <marc:subfield code="a">De to søsknene Aksel og Ellinor har vært nært knyttet til hverandre hele livet. Nå er Aksel journalist i lokalavisen med et særlig talent for å skrive om tragedier, mens søsteren har mistet jobbet og flykter fra virkeligheten. På en gård mister flere innleide arbeidere livet av et gassutslipp mens de sover, og i en bolig i nærheten blir en gammel dame funnet drept. Noen har forsøkt å få det til å se ut som et ran. I denne romanen møter leserne en ny og annerledes etterforsker. Eddie Feber en livsglad mann med åtte barn, litt rotete, men med en egen evne til å finne sannheten. Omtalen er utarbeidet av BS.</marc:subfield>
        </marc:datafield>
        <marc:datafield tag="588" ind1=" " ind2=" ">
            <marc:subfield code="a">Katalogisert etter ekstern kilde</marc:subfield>
        </marc:datafield>
        <marc:datafield tag="650" ind1="2" ind2="7">
            <marc:subfield code="a">Feber, Eddie (fiktiv person)</marc:subfield>
            <marc:subfield code="0">(NO-OsBA)1204891</marc:subfield>
            <marc:subfield code="2">bibbi</marc:subfield>
            <marc:subfield code="9">nob</marc:subfield>
        </marc:datafield>
        <marc:datafield tag="650" ind1="2" ind2="7">
            <marc:subfield code="a">Feber, Eddie (fiktiv person)</marc:subfield>
            <marc:subfield code="0">(NO-OsBA)1204891</marc:subfield>
            <marc:subfield code="2">bibbi</marc:subfield>
            <marc:subfield code="9">nno</marc:subfield>
        </marc:datafield>
        <marc:datafield tag="650" ind1="2" ind2="7">
            <marc:subfield code="a">Søsken</marc:subfield>
            <marc:subfield code="0">(NO-OsBA)1119023</marc:subfield>
            <marc:subfield code="2">bibbi</marc:subfield>
            <marc:subfield code="9">nob</marc:subfield>
        </marc:datafield>
        <marc:datafield tag="650" ind1="2" ind2="7">
            <marc:subfield code="a">Søsken</marc:subfield>
            <marc:subfield code="0">(NO-OsBA)1119023</marc:subfield>
            <marc:subfield code="2">bibbi</marc:subfield>
            <marc:subfield code="9">nno</marc:subfield>
        </marc:datafield>
        <marc:datafield tag="655" ind1=" " ind2="7">
            <marc:subfield code="a">Romaner</marc:subfield>
            <marc:subfield code="0">https://id.nb.no/vocabulary/ntsf/258</marc:subfield>
            <marc:subfield code="2">ntsf</marc:subfield>
            <marc:subfield code="9">nob</marc:subfield>
        </marc:datafield>
        <marc:datafield tag="655" ind1=" " ind2="7">
            <marc:subfield code="a">Romanar</marc:subfield>
            <marc:subfield code="0">https://id.nb.no/vocabulary/ntsf/258</marc:subfield>
            <marc:subfield code="2">ntsf</marc:subfield>
            <marc:subfield code="9">nno</marc:subfield>
        </marc:datafield>
        <marc:datafield tag="655" ind1=" " ind2="7">
            <marc:subfield code="a">Krim</marc:subfield>
            <marc:subfield code="0">https://id.nb.no/vocabulary/ntsf/159</marc:subfield>
            <marc:subfield code="2">ntsf</marc:subfield>
            <marc:subfield code="9">nob</marc:subfield>
        </marc:datafield>
        <marc:datafield tag="655" ind1=" " ind2="7">
            <marc:subfield code="a">Krim</marc:subfield>
            <marc:subfield code="0">https://id.nb.no/vocabulary/ntsf/159</marc:subfield>
            <marc:subfield code="2">ntsf</marc:subfield>
            <marc:subfield code="9">nno</marc:subfield>
        </marc:datafield>
        <marc:datafield tag="700" ind1="1" ind2=" ">
            <marc:subfield code="a">Haugen, Kim</marc:subfield>
            <marc:subfield code="d">1958-</marc:subfield>
            <marc:subfield code="4">nrt</marc:subfield>
            <marc:subfield code="0">(NO-TrBIB)98011890</marc:subfield>
        </marc:datafield>
        <marc:datafield tag="700" ind1="1" ind2=" ">
            <marc:subfield code="a">Fossum, Karin</marc:subfield>
            <marc:subfield code="d">1954-</marc:subfield>
            <marc:subfield code="t">Drepende drage, angrende hund</marc:subfield>
            <marc:subfield code="0">(NO-TrBIB)90608300</marc:subfield>
        </marc:datafield>
        <marc:datafield tag="800" ind1="1" ind2=" ">
            <marc:subfield code="a">Fossum, Karin</marc:subfield>
            <marc:subfield code="d">1954-</marc:subfield>
            <marc:subfield code="t">En Feber-krim</marc:subfield>
            <marc:subfield code="l">Norsk</marc:subfield>
            <marc:subfield code="v">1</marc:subfield>
            <marc:subfield code="0">(NO-TrBIB)90608300</marc:subfield>
        </marc:datafield>
        <marc:datafield tag="856" ind1="4" ind2="2">
            <marc:subfield code="3">Originalt bilde</marc:subfield>
            <marc:subfield code="u">https://contents.bibs.aws.unit.no/files/images/original/1/0/9788202733001.jpg</marc:subfield>
            <marc:subfield code="q">image/jpeg</marc:subfield>
        </marc:datafield>
        <marc:datafield tag="856" ind1="4" ind2="2">
            <marc:subfield code="3">Lydfil</marc:subfield>
            <marc:subfield code="u">https://contents.bibs.aws.unit.no/files/audio/mp3/1/0/9788202733001.mp3</marc:subfield>
            <marc:subfield code="q">audio/mpeg</marc:subfield>
        </marc:datafield>
        <marc:datafield tag="856" ind1="4" ind2="2">
            <marc:subfield code="3">Omslagsbilde</marc:subfield>
            <marc:subfield code="u">https://contents.bibs.aws.unit.no/files/images/large/1/0/9788202733001.jpg</marc:subfield>
            <marc:subfield code="q">image/jpeg</marc:subfield>
        </marc:datafield>
        <marc:datafield tag="856" ind1="4" ind2="2">
            <marc:subfield code="3">Miniatyrbilde</marc:subfield>
            <marc:subfield code="u">https://contents.bibs.aws.unit.no/files/images/small/1/0/9788202733001.jpg</marc:subfield>
            <marc:subfield code="q">image/jpeg</marc:subfield>
        </marc:datafield>
        <marc:datafield tag="856" ind1=" " ind2=" ">
            <marc:subfield code="a">aja.bs.no</marc:subfield>
            <marc:subfield code="q">image/jpeg</marc:subfield>
            <marc:subfield code="u">https://media.aja.bs.no/cb133f5a-5667-468e-a0f7-e016ba3a8c95/cover/original.jpg</marc:subfield>
            <marc:subfield code="3">Omslagsbilde</marc:subfield>
        </marc:datafield>
        <marc:datafield tag="856" ind1=" " ind2=" ">
            <marc:subfield code="a">aja.bs.no</marc:subfield>
            <marc:subfield code="q">image/jpeg</marc:subfield>
            <marc:subfield code="u">https://media.aja.bs.no/cb133f5a-5667-468e-a0f7-e016ba3a8c95/cover/thumbnail.jpg</marc:subfield>
            <marc:subfield code="3">Miniatyrbilde</marc:subfield>
        </marc:datafield>
    </marc:record>