
    <marc:record>
        <marc:leader>01682cim a2200361 c 4500</marc:leader>
        <marc:controlfield tag="001">990808807204702201</marc:controlfield>
        <marc:controlfield tag="005">20220831143203.0</marc:controlfield>
        <marc:controlfield tag="007">sd f||||||||||</marc:controlfield>
        <marc:controlfield tag="008">110826s2008    no#|||| |||||||f#|||nob|^</marc:controlfield>
        <marc:datafield tag="015" ind1=" " ind2=" ">
            <marc:subfield code="a">0810627</marc:subfield>
            <marc:subfield code="2">nbf</marc:subfield>
        </marc:datafield>
        <marc:datafield tag="020" ind1=" " ind2=" ">
            <marc:subfield code="a">9788202286545</marc:subfield>
            <marc:subfield code="c">Nkr 149.00</marc:subfield>
        </marc:datafield>
        <marc:datafield tag="035" ind1=" " ind2=" ">
            <marc:subfield code="a">08088072x-47bibsys_network</marc:subfield>
        </marc:datafield>
        <marc:datafield tag="035" ind1=" " ind2=" ">
            <marc:subfield code="a">(NO-TrBIB)08088072x</marc:subfield>
        </marc:datafield>
        <marc:datafield tag="040" ind1=" " ind2=" ">
            <marc:subfield code="a">NO-OsNB</marc:subfield>
            <marc:subfield code="b">nob</marc:subfield>
            <marc:subfield code="e">katreg</marc:subfield>
        </marc:datafield>
        <marc:datafield tag="042" ind1=" " ind2=" ">
            <marc:subfield code="a">norbibl</marc:subfield>
        </marc:datafield>
        <marc:datafield tag="044" ind1=" " ind2=" ">
            <marc:subfield code="c">no</marc:subfield>
        </marc:datafield>
        <marc:datafield tag="082" ind1="7" ind2="4">
            <marc:subfield code="a">839.823</marc:subfield>
            <marc:subfield code="q">NO-OsNB</marc:subfield>
            <marc:subfield code="2">5/nor</marc:subfield>
        </marc:datafield>
        <marc:datafield tag="100" ind1="1" ind2=" ">
            <marc:subfield code="a">Fossum, Karin</marc:subfield>
            <marc:subfield code="d">1954-</marc:subfield>
            <marc:subfield code="0">(NO-TrBIB)90608300</marc:subfield>
        </marc:datafield>
        <marc:datafield tag="245" ind1="1" ind2="0">
            <marc:subfield code="a">Elskede Poona</marc:subfield>
            <marc:subfield code="c">Karin Fossum</marc:subfield>
            <marc:subfield code="h">[lydopptak]</marc:subfield>
        </marc:datafield>
        <marc:datafield tag="260" ind1=" " ind2=" ">
            <marc:subfield code="a">[Oslo]</marc:subfield>
            <marc:subfield code="b">Cappelen Damm</marc:subfield>
            <marc:subfield code="c">2008</marc:subfield>
        </marc:datafield>
        <marc:datafield tag="300" ind1=" " ind2=" ">
            <marc:subfield code="a">1 plate (CD-MP3) (9 t, 5 min)</marc:subfield>
            <marc:subfield code="b">digital</marc:subfield>
            <marc:subfield code="c">12 cm, i omslag</marc:subfield>
        </marc:datafield>
        <marc:datafield tag="490" ind1="1" ind2=" ">
            <marc:subfield code="a">Lommelydbok</marc:subfield>
        </marc:datafield>
        <marc:datafield tag="500" ind1=" " ind2=" ">
            <marc:subfield code="a">Lest av: Trini Lund</marc:subfield>
        </marc:datafield>
        <marc:datafield tag="500" ind1=" " ind2=" ">
            <marc:subfield code="a">1. lydbokutg. Billingstad : Fono forl., 2000</marc:subfield>
        </marc:datafield>
        <marc:datafield tag="700" ind1="1" ind2=" ">
            <marc:subfield code="a">Lund, Trini</marc:subfield>
            <marc:subfield code="d">1951-</marc:subfield>
            <marc:subfield code="e">medarb.</marc:subfield>
            <marc:subfield code="0">(NO-TrBIB)98025238</marc:subfield>
        </marc:datafield>
        <marc:datafield tag="830" ind1=" " ind2="0">
            <marc:subfield code="a">Lommelydbok</marc:subfield>
        </marc:datafield>
        <marc:datafield tag="856" ind1="4" ind2="2">
            <marc:subfield code="3">Forlagets beskrivelse (lang)</marc:subfield>
            <marc:subfield code="u">https://contents.bibs.aws.unit.no/content/?isbn=9788202286545</marc:subfield>
        </marc:datafield>
        <marc:datafield tag="856" ind1="4" ind2="2">
            <marc:subfield code="3">Originalt bilde</marc:subfield>
            <marc:subfield code="u">https://contents.bibs.aws.unit.no/files/images/original/5/4/9788202286545.jpg</marc:subfield>
            <marc:subfield code="q">image/jpeg</marc:subfield>
        </marc:datafield>
        <marc:datafield tag="856" ind1="4" ind2="2">
            <marc:subfield code="3">Miniatyrbilde</marc:subfield>
            <marc:subfield code="u">https://contents.bibs.aws.unit.no/files/images/small/5/4/9788202286545.jpg</marc:subfield>
            <marc:subfield code="q">image/jpeg</marc:subfield>
        </marc:datafield>
        <marc:datafield tag="856" ind1="4" ind2="2">
            <marc:subfield code="3">Omslagsbilde</marc:subfield>
            <marc:subfield code="u">https://contents.bibs.aws.unit.no/files/images/large/5/4/9788202286545.jpg</marc:subfield>
            <marc:subfield code="q">image/jpeg</marc:subfield>
        </marc:datafield>
        <marc:datafield tag="856" ind1="4" ind2="2">
            <marc:subfield code="3">Lydfil</marc:subfield>
            <marc:subfield code="u">https://contents.bibs.aws.unit.no/files/audio/mp3/5/4/9788202286545.mp3</marc:subfield>
            <marc:subfield code="q">audio/mpeg</marc:subfield>
        </marc:datafield>
        <marc:datafield tag="856" ind1="4" ind2="2">
            <marc:subfield code="3">Forlagets beskrivelse (kort)</marc:subfield>
            <marc:subfield code="u">https://contents.bibs.aws.unit.no/?isbn=8202286549</marc:subfield>
        </marc:datafield>
        <marc:datafield tag="856" ind1="4" ind2="2">
            <marc:subfield code="3">Omslagsbilde</marc:subfield>
            <marc:subfield code="u">https://contents.bibs.aws.unit.no/files/images/small/ikke-isbn/5/2/LITE_150095625.jpg</marc:subfield>
            <marc:subfield code="q">image/jpeg</marc:subfield>
        </marc:datafield>
    </marc:record>