
    <marc:record>
        <marc:leader>00751cam a2200265 c 4500</marc:leader>
        <marc:controlfield tag="001">999818112214702201</marc:controlfield>
        <marc:controlfield tag="005">20160622113825.0</marc:controlfield>
        <marc:controlfield tag="007">ta</marc:controlfield>
        <marc:controlfield tag="008">110826s1998    xx#|||||||||||000|1|swe|^</marc:controlfield>
        <marc:datafield tag="015" ind1=" " ind2=" ">
            <marc:subfield code="a">9907507</marc:subfield>
            <marc:subfield code="2">nbf</marc:subfield>
        </marc:datafield>
        <marc:datafield tag="020" ind1=" " ind2=" ">
            <marc:subfield code="a">9137112457</marc:subfield>
            <marc:subfield code="q">ib.</marc:subfield>
        </marc:datafield>
        <marc:datafield tag="035" ind1=" " ind2=" ">
            <marc:subfield code="a">981811221-47bibsys_network</marc:subfield>
        </marc:datafield>
        <marc:datafield tag="035" ind1=" " ind2=" ">
            <marc:subfield code="a">(NO-TrBIB)981811221</marc:subfield>
        </marc:datafield>
        <marc:datafield tag="040" ind1=" " ind2=" ">
            <marc:subfield code="a">NO-OsNB</marc:subfield>
            <marc:subfield code="b">nob</marc:subfield>
            <marc:subfield code="e">katreg</marc:subfield>
        </marc:datafield>
        <marc:datafield tag="041" ind1="1" ind2=" ">
            <marc:subfield code="h">nob</marc:subfield>
        </marc:datafield>
        <marc:datafield tag="042" ind1=" " ind2=" ">
            <marc:subfield code="a">norbibl</marc:subfield>
        </marc:datafield>
        <marc:datafield tag="044" ind1=" " ind2=" ">
            <marc:subfield code="c">se</marc:subfield>
        </marc:datafield>
        <marc:datafield tag="082" ind1="7" ind2="4">
            <marc:subfield code="a">839.823</marc:subfield>
            <marc:subfield code="q">NO-OsNB</marc:subfield>
            <marc:subfield code="2">4/nor</marc:subfield>
        </marc:datafield>
        <marc:datafield tag="100" ind1="1" ind2=" ">
            <marc:subfield code="a">Fossum, Karin</marc:subfield>
            <marc:subfield code="d">1954-</marc:subfield>
            <marc:subfield code="0">(NO-TrBIB)90608300</marc:subfield>
        </marc:datafield>
        <marc:datafield tag="245" ind1="1" ind2="0">
            <marc:subfield code="a">Evas öga</marc:subfield>
            <marc:subfield code="c">Karin Fossum ; översättning Helena och Ulf Örnkloo</marc:subfield>
        </marc:datafield>
        <marc:datafield tag="246" ind1="1" ind2=" ">
            <marc:subfield code="a">Evas øye</marc:subfield>
            <marc:subfield code="i">Originaltittel</marc:subfield>
        </marc:datafield>
        <marc:datafield tag="250" ind1=" " ind2=" ">
            <marc:subfield code="a">2. tryckningen</marc:subfield>
        </marc:datafield>
        <marc:datafield tag="260" ind1=" " ind2=" ">
            <marc:subfield code="a">[Stockholm]</marc:subfield>
            <marc:subfield code="b">Forum</marc:subfield>
            <marc:subfield code="c">1998</marc:subfield>
        </marc:datafield>
        <marc:datafield tag="300" ind1=" " ind2=" ">
            <marc:subfield code="a">220 s.</marc:subfield>
        </marc:datafield>
        <marc:datafield tag="500" ind1=" " ind2=" ">
            <marc:subfield code="a">Denne utg., 1. oppl. 1998</marc:subfield>
        </marc:datafield>
    </marc:record>