
    <marc:record>
        <marc:leader>01929cam a2200445 c 4500</marc:leader>
        <marc:controlfield tag="001">999523438194702201</marc:controlfield>
        <marc:controlfield tag="005">20220429154847.0</marc:controlfield>
        <marc:controlfield tag="007">ta</marc:controlfield>
        <marc:controlfield tag="007">cr||||||||||||</marc:controlfield>
        <marc:controlfield tag="008">150112s1995    no ||||e |||||000|f|nob|^</marc:controlfield>
        <marc:datafield tag="015" ind1=" " ind2=" ">
            <marc:subfield code="a">9512609</marc:subfield>
            <marc:subfield code="2">nbf</marc:subfield>
        </marc:datafield>
        <marc:datafield tag="020" ind1=" " ind2=" ">
            <marc:subfield code="a">82-02-15853-2</marc:subfield>
            <marc:subfield code="c">Nkr 279.00</marc:subfield>
        </marc:datafield>
        <marc:datafield tag="020" ind1=" " ind2=" ">
            <marc:subfield code="a">82-02-14993-2</marc:subfield>
            <marc:subfield code="q">Cappelens bokklubb</marc:subfield>
        </marc:datafield>
        <marc:datafield tag="035" ind1=" " ind2=" ">
            <marc:subfield code="a">952343819-47bibsys_network</marc:subfield>
        </marc:datafield>
        <marc:datafield tag="035" ind1=" " ind2=" ">
            <marc:subfield code="a">(NO-TrBIB)952343819</marc:subfield>
        </marc:datafield>
        <marc:datafield tag="035" ind1=" " ind2=" ">
            <marc:subfield code="a">(NO-TrBIB)09201299x</marc:subfield>
        </marc:datafield>
        <marc:datafield tag="040" ind1=" " ind2=" ">
            <marc:subfield code="a">NO-OsNB</marc:subfield>
            <marc:subfield code="b">nob</marc:subfield>
            <marc:subfield code="e">katreg</marc:subfield>
        </marc:datafield>
        <marc:datafield tag="042" ind1=" " ind2=" ">
            <marc:subfield code="a">norbibl</marc:subfield>
        </marc:datafield>
        <marc:datafield tag="044" ind1=" " ind2=" ">
            <marc:subfield code="c">no</marc:subfield>
        </marc:datafield>
        <marc:datafield tag="082" ind1="7" ind2="4">
            <marc:subfield code="a">839.823</marc:subfield>
            <marc:subfield code="q">NO-OsNB</marc:subfield>
            <marc:subfield code="2">4/nor</marc:subfield>
        </marc:datafield>
        <marc:datafield tag="100" ind1="1" ind2=" ">
            <marc:subfield code="a">Fossum, Karin</marc:subfield>
            <marc:subfield code="d">1954-</marc:subfield>
            <marc:subfield code="4">aut</marc:subfield>
            <marc:subfield code="0">(NO-TrBIB)90608300</marc:subfield>
        </marc:datafield>
        <marc:datafield tag="245" ind1="1" ind2="0">
            <marc:subfield code="a">Evas øye :</marc:subfield>
            <marc:subfield code="b">kriminalroman</marc:subfield>
            <marc:subfield code="c">Karin Fossum</marc:subfield>
        </marc:datafield>
        <marc:datafield tag="260" ind1=" " ind2=" ">
            <marc:subfield code="a">[Oslo]</marc:subfield>
            <marc:subfield code="b">Cappelen</marc:subfield>
            <marc:subfield code="c">1995</marc:subfield>
        </marc:datafield>
        <marc:datafield tag="300" ind1=" " ind2=" ">
            <marc:subfield code="a">295 s.</marc:subfield>
        </marc:datafield>
        <marc:datafield tag="500" ind1=" " ind2=" ">
            <marc:subfield code="a">Opplagshistorikk:  2. oppl. 1995</marc:subfield>
        </marc:datafield>
        <marc:datafield tag="533" ind1=" " ind2=" ">
            <marc:subfield code="a">Elektronisk reproduksjon</marc:subfield>
            <marc:subfield code="b">[Norge]</marc:subfield>
            <marc:subfield code="c">Nasjonalbiblioteket Digital</marc:subfield>
            <marc:subfield code="d">2008-02-22</marc:subfield>
        </marc:datafield>
        <marc:datafield tag="653" ind1=" " ind2=" ">
            <marc:subfield code="a">skjønnlitteratur</marc:subfield>
            <marc:subfield code="a">kriminal</marc:subfield>
            <marc:subfield code="a">norsk</marc:subfield>
            <marc:subfield code="a">krim/spenning</marc:subfield>
            <marc:subfield code="a">1990-talletkriminalromaner</marc:subfield>
        </marc:datafield>
        <marc:datafield tag="655" ind1=" " ind2="4">
            <marc:subfield code="a">Kriminal</marc:subfield>
        </marc:datafield>
        <marc:datafield tag="655" ind1=" " ind2="7">
            <marc:subfield code="a">Romaner</marc:subfield>
            <marc:subfield code="0">https://id.nb.no/vocabulary/ntsf/258</marc:subfield>
            <marc:subfield code="0">(NO-OsNB)ntsf258</marc:subfield>
            <marc:subfield code="2">ntsf</marc:subfield>
        </marc:datafield>
        <marc:datafield tag="767" ind1="0" ind2=" ">
            <marc:subfield code="a">Fossum, Karin</marc:subfield>
            <marc:subfield code="t">In the darkness</marc:subfield>
            <marc:subfield code="w">991225530634702201</marc:subfield>
        </marc:datafield>
        <marc:datafield tag="767" ind1="0" ind2=" ">
            <marc:subfield code="a">Fossum, Karin</marc:subfield>
            <marc:subfield code="t">In the darkness</marc:subfield>
            <marc:subfield code="w">991323464194702201</marc:subfield>
        </marc:datafield>
        <marc:datafield tag="767" ind1="0" ind2=" ">
            <marc:subfield code="a">Fossum, Karin</marc:subfield>
            <marc:subfield code="t">Eva's eye</marc:subfield>
            <marc:subfield code="w">991329823664702201</marc:subfield>
        </marc:datafield>
        <marc:datafield tag="767" ind1="0" ind2=" ">
            <marc:subfield code="a">Fossum, Karin</marc:subfield>
            <marc:subfield code="t">Evino oko</marc:subfield>
            <marc:subfield code="w">991400861374702201</marc:subfield>
        </marc:datafield>
        <marc:datafield tag="767" ind1="0" ind2=" ">
            <marc:subfield code="a">Fossum, Karin</marc:subfield>
            <marc:subfield code="t">El ojo de Eva /</marc:subfield>
            <marc:subfield code="w">999920150847802201</marc:subfield>
        </marc:datafield>
        <marc:datafield tag="767" ind1="0" ind2=" ">
            <marc:subfield code="a">Fossum, Karin</marc:subfield>
            <marc:subfield code="t">Vo mrakot</marc:subfield>
            <marc:subfield code="w">999920447978302201</marc:subfield>
        </marc:datafield>
        <marc:datafield tag="767" ind1="0" ind2=" ">
            <marc:subfield code="t">Evino oko</marc:subfield>
            <marc:subfield code="w">999921333194002201</marc:subfield>
            <marc:subfield code="z">978-953-362-008-4</marc:subfield>
        </marc:datafield>
        <marc:datafield tag="767" ind1="0" ind2=" ">
            <marc:subfield code="t">El ojo de Eva</marc:subfield>
            <marc:subfield code="w">999921679651702201</marc:subfield>
            <marc:subfield code="z">978-84-9908-350-6</marc:subfield>
        </marc:datafield>
        <marc:datafield tag="767" ind1="0" ind2=" ">
            <marc:subfield code="6">880-01</marc:subfield>
            <marc:subfield code="t">Ina dya ḍārkanēsa</marc:subfield>
            <marc:subfield code="w">991506859204702201</marc:subfield>
            <marc:subfield code="z">9789849121312</marc:subfield>
        </marc:datafield>
        <marc:datafield tag="856" ind1="4" ind2="2">
            <marc:subfield code="3">Beskrivelse fra Forlagssentralen</marc:subfield>
            <marc:subfield code="u">http://content.bibsys.no/content/?type=descr_forlagssentr&amp;isbn=8202158532</marc:subfield>
        </marc:datafield>
        <marc:datafield tag="856" ind1="4" ind2="1">
            <marc:subfield code="3">Fulltekst</marc:subfield>
            <marc:subfield code="u">https://www.nb.no/search?q=oaiid:&quot;oai:nb.bibsys.no:999523438194702202&quot;&amp;mediatype=bøker</marc:subfield>
            <marc:subfield code="y">Nettbiblioteket</marc:subfield>
            <marc:subfield code="z">Søke-URL</marc:subfield>
        </marc:datafield>
    </marc:record>