
    <marc:record>
        <marc:leader>02215nim a2200433 c 4500</marc:leader>
        <marc:controlfield tag="001">999920704576302201</marc:controlfield>
        <marc:controlfield tag="005">20210701115637.0</marc:controlfield>
        <marc:controlfield tag="007">sd#f||||||||||</marc:controlfield>
        <marc:controlfield tag="008">181120s2018    no ||||e       f    nob|^</marc:controlfield>
        <marc:datafield tag="020" ind1=" " ind2=" ">
            <marc:subfield code="a">978-82-02-61353-2</marc:subfield>
            <marc:subfield code="c">Nkr 349.00</marc:subfield>
        </marc:datafield>
        <marc:datafield tag="035" ind1=" " ind2=" ">
            <marc:subfield code="a">(NO-OsBAS)150306296</marc:subfield>
        </marc:datafield>
        <marc:datafield tag="040" ind1=" " ind2=" ">
            <marc:subfield code="a">NO-OsBAS</marc:subfield>
            <marc:subfield code="b">nob</marc:subfield>
            <marc:subfield code="d">NO-OsNB</marc:subfield>
            <marc:subfield code="e">katreg</marc:subfield>
        </marc:datafield>
        <marc:datafield tag="082" ind1="0" ind2="4">
            <marc:subfield code="a">839.82374</marc:subfield>
            <marc:subfield code="q">NO-OsBAS</marc:subfield>
            <marc:subfield code="2">23/nor</marc:subfield>
        </marc:datafield>
        <marc:datafield tag="100" ind1="1" ind2=" ">
            <marc:subfield code="a">Fossum, Karin</marc:subfield>
            <marc:subfield code="d">1954-</marc:subfield>
            <marc:subfield code="0">(NO-TrBIB)90608300</marc:subfield>
            <marc:subfield code="4">aut</marc:subfield>
        </marc:datafield>
        <marc:datafield tag="245" ind1="1" ind2="0">
            <marc:subfield code="a">Formørkelsen</marc:subfield>
            <marc:subfield code="h">[lydopptak]</marc:subfield>
            <marc:subfield code="c">Karin Fossum</marc:subfield>
        </marc:datafield>
        <marc:datafield tag="260" ind1=" " ind2=" ">
            <marc:subfield code="a">[Oslo]</marc:subfield>
            <marc:subfield code="b">Cappelen Damm</marc:subfield>
            <marc:subfield code="c">2018</marc:subfield>
        </marc:datafield>
        <marc:datafield tag="300" ind1=" " ind2=" ">
            <marc:subfield code="a">8 CD-er (9 t, 35 min)</marc:subfield>
            <marc:subfield code="c">12 cm</marc:subfield>
        </marc:datafield>
        <marc:datafield tag="336" ind1=" " ind2=" ">
            <marc:subfield code="a">spoken word</marc:subfield>
            <marc:subfield code="b">spw</marc:subfield>
            <marc:subfield code="2">rdacontent</marc:subfield>
        </marc:datafield>
        <marc:datafield tag="337" ind1=" " ind2=" ">
            <marc:subfield code="a">audio</marc:subfield>
            <marc:subfield code="b">s</marc:subfield>
            <marc:subfield code="2">rdamedia</marc:subfield>
        </marc:datafield>
        <marc:datafield tag="338" ind1=" " ind2=" ">
            <marc:subfield code="a">audio disc</marc:subfield>
            <marc:subfield code="b">sd</marc:subfield>
            <marc:subfield code="2">rdacarrier</marc:subfield>
        </marc:datafield>
        <marc:datafield tag="500" ind1=" " ind2=" ">
            <marc:subfield code="a">&quot;En Konrad Sejer-krim&quot; - Esken</marc:subfield>
        </marc:datafield>
        <marc:datafield tag="511" ind1="0" ind2=" ">
            <marc:subfield code="a">Lest av Kim Haugen</marc:subfield>
        </marc:datafield>
        <marc:datafield tag="520" ind1=" " ind2=" ">
            <marc:subfield code="a">Et ektepar sjekker inn på hotell med sin 15 måneder gamle sønn. Morgenen etter faller gutten fra balkongen i sjuende etasje og dør momentant. Foreldrenes forklaringer spriker. Begge har noe å skjule. Hvem har retten til et barn? Hvordan kan et barn dø slik? Denne gangen vet Konrad Sejer at det er uhyre viktig å finne sannheten. Formørkelsen er en mesterlig kriminalroman og et farlig ekteskapsdrama.</marc:subfield>
        </marc:datafield>
        <marc:datafield tag="650" ind1=" " ind2="7">
            <marc:subfield code="a">Sejer, Konrad (fiktiv person)</marc:subfield>
            <marc:subfield code="2">bokbas</marc:subfield>
        </marc:datafield>
        <marc:datafield tag="651" ind1=" " ind2="7">
            <marc:subfield code="a">Østlandet</marc:subfield>
            <marc:subfield code="2">bokbas</marc:subfield>
            <marc:subfield code="9">nob</marc:subfield>
        </marc:datafield>
        <marc:datafield tag="651" ind1=" " ind2="7">
            <marc:subfield code="a">Austlandet</marc:subfield>
            <marc:subfield code="2">bokbas</marc:subfield>
            <marc:subfield code="9">nno</marc:subfield>
        </marc:datafield>
        <marc:datafield tag="655" ind1=" " ind2="7">
            <marc:subfield code="a">Romaner</marc:subfield>
            <marc:subfield code="2">bokbas</marc:subfield>
            <marc:subfield code="9">nob</marc:subfield>
        </marc:datafield>
        <marc:datafield tag="655" ind1=" " ind2="7">
            <marc:subfield code="a">Romanar</marc:subfield>
            <marc:subfield code="2">bokbas</marc:subfield>
            <marc:subfield code="9">nno</marc:subfield>
        </marc:datafield>
        <marc:datafield tag="655" ind1=" " ind2="7">
            <marc:subfield code="a">Lydbøker</marc:subfield>
            <marc:subfield code="2">bokbas</marc:subfield>
            <marc:subfield code="9">nob</marc:subfield>
        </marc:datafield>
        <marc:datafield tag="655" ind1=" " ind2="7">
            <marc:subfield code="a">Lydbøker</marc:subfield>
            <marc:subfield code="2">bokbas</marc:subfield>
            <marc:subfield code="9">nno</marc:subfield>
        </marc:datafield>
        <marc:datafield tag="655" ind1=" " ind2="7">
            <marc:subfield code="a">Krim</marc:subfield>
            <marc:subfield code="2">bokbas</marc:subfield>
            <marc:subfield code="9">nob</marc:subfield>
        </marc:datafield>
        <marc:datafield tag="655" ind1=" " ind2="7">
            <marc:subfield code="a">Krim</marc:subfield>
            <marc:subfield code="2">bokbas</marc:subfield>
            <marc:subfield code="9">nno</marc:subfield>
        </marc:datafield>
        <marc:datafield tag="655" ind1=" " ind2="7">
            <marc:subfield code="a">Politi og detektiver</marc:subfield>
            <marc:subfield code="2">bokbas</marc:subfield>
            <marc:subfield code="9">nob</marc:subfield>
        </marc:datafield>
        <marc:datafield tag="655" ind1=" " ind2="7">
            <marc:subfield code="a">Politi og detektivar</marc:subfield>
            <marc:subfield code="2">bokbas</marc:subfield>
            <marc:subfield code="9">nno</marc:subfield>
        </marc:datafield>
        <marc:datafield tag="700" ind1="1" ind2=" ">
            <marc:subfield code="a">Haugen, Kim</marc:subfield>
            <marc:subfield code="d">1958-</marc:subfield>
            <marc:subfield code="0">(NO-TrBIB)98011890</marc:subfield>
            <marc:subfield code="4">nrt</marc:subfield>
        </marc:datafield>
        <marc:datafield tag="780" ind1="0" ind2="0">
            <marc:subfield code="t">Hviskeren</marc:subfield>
        </marc:datafield>
        <marc:datafield tag="856" ind1="4" ind2="2">
            <marc:subfield code="3">Originalt bilde</marc:subfield>
            <marc:subfield code="u">https://contents.bibs.aws.unit.no/files/images/original/2/3/9788202613532.jpg</marc:subfield>
            <marc:subfield code="q">image/jpeg</marc:subfield>
        </marc:datafield>
        <marc:datafield tag="856" ind1="4" ind2="1">
            <marc:subfield code="a">media.boknett.no</marc:subfield>
            <marc:subfield code="3">Omslagsbilde</marc:subfield>
            <marc:subfield code="u">https://media.boknett.no/objects/96/62/150306296/productimage_ORG_133e30ec1eadc2971034d12da8f8b0fad1dfbe39.jpg</marc:subfield>
            <marc:subfield code="n">Bokbasen, Oslo</marc:subfield>
            <marc:subfield code="q">image/jpeg</marc:subfield>
        </marc:datafield>
        <marc:datafield tag="856" ind1="4" ind2="1">
            <marc:subfield code="a">media.boknett.no</marc:subfield>
            <marc:subfield code="3">Miniatyrbilde</marc:subfield>
            <marc:subfield code="u">https://media.boknett.no/objects/96/62/150306296/productimage_OS_6739a23f5877b69afce7d5b85ece1ce65cc811cf.jpg</marc:subfield>
            <marc:subfield code="n">Bokbasen, Oslo</marc:subfield>
            <marc:subfield code="q">image/jpeg</marc:subfield>
        </marc:datafield>
    </marc:record>