
    <marc:record>
        <marc:leader>01082cam a2200277 c 4500</marc:leader>
        <marc:controlfield tag="001">991412570674702201</marc:controlfield>
        <marc:controlfield tag="005">20210701062827.0</marc:controlfield>
        <marc:controlfield tag="007">cr |||||||||||</marc:controlfield>
        <marc:controlfield tag="008">140314s2013    no#|||||o|||||000|j|nob|^</marc:controlfield>
        <marc:datafield tag="015" ind1=" " ind2=" ">
            <marc:subfield code="a">1414548</marc:subfield>
            <marc:subfield code="2">nbf</marc:subfield>
        </marc:datafield>
        <marc:datafield tag="020" ind1=" " ind2=" ">
            <marc:subfield code="a">9788202386887</marc:subfield>
            <marc:subfield code="c">Nkr 19.00</marc:subfield>
        </marc:datafield>
        <marc:datafield tag="035" ind1=" " ind2=" ">
            <marc:subfield code="a">141257067-47bibsys_network</marc:subfield>
        </marc:datafield>
        <marc:datafield tag="035" ind1=" " ind2=" ">
            <marc:subfield code="a">(NO-TrBIB)141257067</marc:subfield>
        </marc:datafield>
        <marc:datafield tag="040" ind1=" " ind2=" ">
            <marc:subfield code="a">NO-OsNB</marc:subfield>
            <marc:subfield code="b">nob</marc:subfield>
            <marc:subfield code="e">katreg</marc:subfield>
        </marc:datafield>
        <marc:datafield tag="042" ind1=" " ind2=" ">
            <marc:subfield code="a">norbibl</marc:subfield>
        </marc:datafield>
        <marc:datafield tag="044" ind1=" " ind2=" ">
            <marc:subfield code="c">no</marc:subfield>
        </marc:datafield>
        <marc:datafield tag="082" ind1="7" ind2="4">
            <marc:subfield code="a">839.823</marc:subfield>
            <marc:subfield code="q">NO-OsNB</marc:subfield>
            <marc:subfield code="2">5/nor</marc:subfield>
        </marc:datafield>
        <marc:datafield tag="100" ind1="1" ind2=" ">
            <marc:subfield code="a">Fossum, Karin</marc:subfield>
            <marc:subfield code="d">1954-</marc:subfield>
            <marc:subfield code="0">(NO-TrBIB)90608300</marc:subfield>
        </marc:datafield>
        <marc:datafield tag="245" ind1="1" ind2="4">
            <marc:subfield code="a">Den gale mannen i Firenze</marc:subfield>
            <marc:subfield code="c">Karin Fossum</marc:subfield>
            <marc:subfield code="h">[elektronisk ressurs]</marc:subfield>
        </marc:datafield>
        <marc:datafield tag="260" ind1=" " ind2=" ">
            <marc:subfield code="a">Oslo</marc:subfield>
            <marc:subfield code="b">Cappelen Damm</marc:subfield>
            <marc:subfield code="c">2013</marc:subfield>
        </marc:datafield>
        <marc:datafield tag="300" ind1=" " ind2=" ">
            <marc:subfield code="a">1 fil</marc:subfield>
            <marc:subfield code="b">EPUB</marc:subfield>
        </marc:datafield>
        <marc:datafield tag="500" ind1=" " ind2=" ">
            <marc:subfield code="a">Tittel fra tittelskjermbildet</marc:subfield>
        </marc:datafield>
        <marc:datafield tag="500" ind1=" " ind2=" ">
            <marc:subfield code="a">&quot;Ikke tidligere utgitt&quot;</marc:subfield>
        </marc:datafield>
        <marc:datafield tag="856" ind1="4" ind2="2">
            <marc:subfield code="3">Forlagets beskrivelse (lang)</marc:subfield>
            <marc:subfield code="u">https://contents.bibs.aws.unit.no/content/?isbn=9788202386887</marc:subfield>
        </marc:datafield>
        <marc:datafield tag="856" ind1="4" ind2="2">
            <marc:subfield code="3">Originalt bilde</marc:subfield>
            <marc:subfield code="u">https://contents.bibs.aws.unit.no/files/images/original/7/8/9788202386887.jpg</marc:subfield>
            <marc:subfield code="q">image/jpeg</marc:subfield>
        </marc:datafield>
        <marc:datafield tag="856" ind1="4" ind2="2">
            <marc:subfield code="3">Beskrivelse fra forlaget (kort)</marc:subfield>
            <marc:subfield code="u">http://content.bibsys.no/content/?type=descr_publ_brief&amp;isbn=9788202386887</marc:subfield>
        </marc:datafield>
    </marc:record>