
    <marc:record>
        <marc:leader>01603cim a2200337 c 4500</marc:leader>
        <marc:controlfield tag="001">991334646604702201</marc:controlfield>
        <marc:controlfield tag="005">20210701063948.0</marc:controlfield>
        <marc:controlfield tag="007">sd f||||||||||</marc:controlfield>
        <marc:controlfield tag="008">140702s2014    no#|||| |||||||f#|||nob|^</marc:controlfield>
        <marc:datafield tag="015" ind1=" " ind2=" ">
            <marc:subfield code="a">1419835</marc:subfield>
            <marc:subfield code="2">nbf</marc:subfield>
        </marc:datafield>
        <marc:datafield tag="020" ind1=" " ind2=" ">
            <marc:subfield code="a">9788202438975</marc:subfield>
            <marc:subfield code="c">Nkr 369.00</marc:subfield>
        </marc:datafield>
        <marc:datafield tag="035" ind1=" " ind2=" ">
            <marc:subfield code="a">133464660-47bibsys_network</marc:subfield>
        </marc:datafield>
        <marc:datafield tag="035" ind1=" " ind2=" ">
            <marc:subfield code="a">(NO-TrBIB)133464660</marc:subfield>
        </marc:datafield>
        <marc:datafield tag="035" ind1=" " ind2=" ">
            <marc:subfield code="a">(NO-OsBA)0377427</marc:subfield>
        </marc:datafield>
        <marc:datafield tag="040" ind1=" " ind2=" ">
            <marc:subfield code="a">NO-OsNB</marc:subfield>
            <marc:subfield code="b">nob</marc:subfield>
            <marc:subfield code="e">katreg</marc:subfield>
        </marc:datafield>
        <marc:datafield tag="042" ind1=" " ind2=" ">
            <marc:subfield code="a">norbibl</marc:subfield>
        </marc:datafield>
        <marc:datafield tag="044" ind1=" " ind2=" ">
            <marc:subfield code="c">no</marc:subfield>
        </marc:datafield>
        <marc:datafield tag="082" ind1="7" ind2="4">
            <marc:subfield code="a">839.823</marc:subfield>
            <marc:subfield code="q">NO-OsNB</marc:subfield>
            <marc:subfield code="2">5/nor</marc:subfield>
        </marc:datafield>
        <marc:datafield tag="100" ind1="1" ind2=" ">
            <marc:subfield code="a">Fossum, Karin</marc:subfield>
            <marc:subfield code="d">1954-</marc:subfield>
            <marc:subfield code="0">(NO-TrBIB)90608300</marc:subfield>
        </marc:datafield>
        <marc:datafield tag="245" ind1="1" ind2="0">
            <marc:subfield code="a">Helvetesilden</marc:subfield>
            <marc:subfield code="c">Karin Fossum</marc:subfield>
            <marc:subfield code="h">[lydopptak]</marc:subfield>
        </marc:datafield>
        <marc:datafield tag="260" ind1=" " ind2=" ">
            <marc:subfield code="a">[Oslo]</marc:subfield>
            <marc:subfield code="b">Cappelen Damm</marc:subfield>
            <marc:subfield code="c">2014</marc:subfield>
        </marc:datafield>
        <marc:datafield tag="300" ind1=" " ind2=" ">
            <marc:subfield code="a">1 CD-MP3 (7 t, 37 min)</marc:subfield>
            <marc:subfield code="c">12 cm, i eske</marc:subfield>
        </marc:datafield>
        <marc:datafield tag="500" ind1=" " ind2=" ">
            <marc:subfield code="a">Lest av Nils Johnson</marc:subfield>
        </marc:datafield>
        <marc:datafield tag="700" ind1="1" ind2=" ">
            <marc:subfield code="a">Johnson, Nils</marc:subfield>
            <marc:subfield code="d">1956-</marc:subfield>
            <marc:subfield code="e">medarb.</marc:subfield>
            <marc:subfield code="0">(NO-TrBIB)90551152</marc:subfield>
        </marc:datafield>
        <marc:datafield tag="856" ind1="4" ind2="2">
            <marc:subfield code="3">Forlagets beskrivelse (lang)</marc:subfield>
            <marc:subfield code="u">https://contents.bibs.aws.unit.no/content/?isbn=9788202438975</marc:subfield>
        </marc:datafield>
        <marc:datafield tag="856" ind1="4" ind2="2">
            <marc:subfield code="3">Originalt bilde</marc:subfield>
            <marc:subfield code="u">https://contents.bibs.aws.unit.no/files/images/original/5/7/9788202438975.jpg</marc:subfield>
            <marc:subfield code="q">image/jpeg</marc:subfield>
        </marc:datafield>
        <marc:datafield tag="856" ind1="4" ind2="2">
            <marc:subfield code="3">Miniatyrbilde</marc:subfield>
            <marc:subfield code="u">https://contents.bibs.aws.unit.no/files/images/small/5/7/9788202438975.jpg</marc:subfield>
            <marc:subfield code="q">image/jpeg</marc:subfield>
        </marc:datafield>
        <marc:datafield tag="856" ind1="4" ind2="2">
            <marc:subfield code="3">Lydfil</marc:subfield>
            <marc:subfield code="u">https://contents.bibs.aws.unit.no/files/audio/mp3/5/7/9788202438975.mp3</marc:subfield>
            <marc:subfield code="q">audio/mpeg</marc:subfield>
        </marc:datafield>
        <marc:datafield tag="856" ind1="4" ind2="2">
            <marc:subfield code="3">Omslagsbilde</marc:subfield>
            <marc:subfield code="u">https://contents.bibs.aws.unit.no/files/images/large/5/7/9788202438975.jpg</marc:subfield>
            <marc:subfield code="q">image/jpeg</marc:subfield>
        </marc:datafield>
        <marc:datafield tag="856" ind1="4" ind2="2">
            <marc:subfield code="3">Beskrivelse fra forlaget (kort)</marc:subfield>
            <marc:subfield code="u">http://content.bibsys.no/content/?type=descr_publ_brief&amp;isbn=8202438977</marc:subfield>
        </marc:datafield>
        <marc:datafield tag="856" ind1="4" ind2="2">
            <marc:subfield code="3">Beskrivelse fra Forlagssentralen</marc:subfield>
            <marc:subfield code="u">http://content.bibsys.no/content/?type=descr_forlagssentr&amp;isbn=8202438977</marc:subfield>
        </marc:datafield>
    </marc:record>