
    <marc:record>
        <marc:leader>00620caa a2200181 c 4500</marc:leader>
        <marc:controlfield tag="001">999921743228502201</marc:controlfield>
        <marc:controlfield tag="005">20220907142111.0</marc:controlfield>
        <marc:controlfield tag="007">ta</marc:controlfield>
        <marc:controlfield tag="008">980303s1997    no ||||e|    |000|0|nob|#</marc:controlfield>
        <marc:datafield tag="035" ind1=" " ind2=" ">
            <marc:subfield code="a">(NORART)9800232212</marc:subfield>
        </marc:datafield>
        <marc:datafield tag="040" ind1=" " ind2=" ">
            <marc:subfield code="a">NO-OsNB</marc:subfield>
            <marc:subfield code="b">nob</marc:subfield>
            <marc:subfield code="e">katreg</marc:subfield>
        </marc:datafield>
        <marc:datafield tag="082" ind1="7" ind2="4">
            <marc:subfield code="a">610.73069</marc:subfield>
            <marc:subfield code="2">4/nor</marc:subfield>
            <marc:subfield code="q">NO-OsNB</marc:subfield>
        </marc:datafield>
        <marc:datafield tag="100" ind1="1" ind2=" ">
            <marc:subfield code="a">Fossum, Karin</marc:subfield>
        </marc:datafield>
        <marc:datafield tag="245" ind1="1" ind2="0">
            <marc:subfield code="a">Jeg hadde uniform, og navneskilt</marc:subfield>
        </marc:datafield>
        <marc:datafield tag="300" ind1=" " ind2=" ">
            <marc:subfield code="a">S. 19</marc:subfield>
        </marc:datafield>
        <marc:datafield tag="500" ind1=" " ind2=" ">
            <marc:subfield code="a">Om å være sykepleier</marc:subfield>
        </marc:datafield>
        <marc:datafield tag="655" ind1=" " ind2="7">
            <marc:subfield code="a">Tidsskriftartikler</marc:subfield>
            <marc:subfield code="0">https://id.nb.no/vocabulary/ntsf/308</marc:subfield>
            <marc:subfield code="0">(NO-OsNB)ntsf308</marc:subfield>
            <marc:subfield code="2">ntsf</marc:subfield>
        </marc:datafield>
        <marc:datafield tag="773" ind1="0" ind2=" ">
            <marc:subfield code="t">Tidsskriftet sykepleien (1995 : trykt utg.)</marc:subfield>
            <marc:subfield code="g">Årg. 85, nr 18 (1997)</marc:subfield>
            <marc:subfield code="x">0806-7511</marc:subfield>
            <marc:subfield code="w">999523551084702201</marc:subfield>
        </marc:datafield>
    </marc:record>