
    <marc:record>
        <marc:leader>00709nam a2200217 c 4500</marc:leader>
        <marc:controlfield tag="001">999920313140402201</marc:controlfield>
        <marc:controlfield tag="005">20170814114156.0</marc:controlfield>
        <marc:controlfield tag="007">ta</marc:controlfield>
        <marc:controlfield tag="008">170602s2017    ne     e |||||000 | dut^^</marc:controlfield>
        <marc:datafield tag="020" ind1=" " ind2=" ">
            <marc:subfield code="a">978-94-6068-364-0</marc:subfield>
            <marc:subfield code="q">h.</marc:subfield>
        </marc:datafield>
        <marc:datafield tag="040" ind1=" " ind2=" ">
            <marc:subfield code="a">NO-OsNB</marc:subfield>
            <marc:subfield code="b">nob</marc:subfield>
            <marc:subfield code="e">katreg</marc:subfield>
        </marc:datafield>
        <marc:datafield tag="041" ind1="1" ind2=" ">
            <marc:subfield code="a">dut</marc:subfield>
            <marc:subfield code="h">nob</marc:subfield>
        </marc:datafield>
        <marc:datafield tag="082" ind1="0" ind2="4">
            <marc:subfield code="a">839.8238</marc:subfield>
            <marc:subfield code="2">23/nor</marc:subfield>
            <marc:subfield code="q">NO-OsNB</marc:subfield>
        </marc:datafield>
        <marc:datafield tag="100" ind1="1" ind2=" ">
            <marc:subfield code="a">Fossum, Karin</marc:subfield>
            <marc:subfield code="d">1954-</marc:subfield>
            <marc:subfield code="0">(NO-TrBIB)90608300</marc:subfield>
            <marc:subfield code="4">aut</marc:subfield>
        </marc:datafield>
        <marc:datafield tag="245" ind1="1" ind2="4">
            <marc:subfield code="a">De fluisteraar :</marc:subfield>
            <marc:subfield code="b">literaire thriller</marc:subfield>
            <marc:subfield code="c">Karin Fossum ; uit het Noors vertaald door Lucy Pijttersen</marc:subfield>
        </marc:datafield>
        <marc:datafield tag="246" ind1="1" ind2=" ">
            <marc:subfield code="i">Originaltittel:</marc:subfield>
            <marc:subfield code="a">Hviskeren</marc:subfield>
        </marc:datafield>
        <marc:datafield tag="260" ind1=" " ind2=" ">
            <marc:subfield code="a">Ga Baarn</marc:subfield>
            <marc:subfield code="b">Marmer</marc:subfield>
            <marc:subfield code="c">2017</marc:subfield>
        </marc:datafield>
        <marc:datafield tag="300" ind1=" " ind2=" ">
            <marc:subfield code="a">362 s.</marc:subfield>
            <marc:subfield code="c">22 cm</marc:subfield>
        </marc:datafield>
        <marc:datafield tag="536" ind1=" " ind2=" ">
            <marc:subfield code="a">NORLA</marc:subfield>
        </marc:datafield>
        <marc:datafield tag="700" ind1="1" ind2=" ">
            <marc:subfield code="a">Pijttersen, Lucy</marc:subfield>
            <marc:subfield code="0">(NO-TrBIB)11056474</marc:subfield>
            <marc:subfield code="4">trl</marc:subfield>
        </marc:datafield>
        <marc:datafield tag="765" ind1="0" ind2=" ">
            <marc:subfield code="t">Hviskeren</marc:subfield>
            <marc:subfield code="w">999920144095102201</marc:subfield>
        </marc:datafield>
    </marc:record>