
    <marc:record>
        <marc:leader>03217cam a22004691c 4500</marc:leader>
        <marc:controlfield tag="001">999921796096002201</marc:controlfield>
        <marc:controlfield tag="005">20220729050206.0</marc:controlfield>
        <marc:controlfield tag="007">cr#|n|||||||||</marc:controlfield>
        <marc:controlfield tag="008">220618r20222022no     eo||||||0| 1 nob|^</marc:controlfield>
        <marc:datafield tag="020" ind1=" " ind2=" ">
            <marc:subfield code="a">9788202770587</marc:subfield>
            <marc:subfield code="c">Nkr 439.00</marc:subfield>
        </marc:datafield>
        <marc:datafield tag="035" ind1=" " ind2=" ">
            <marc:subfield code="a">(NO-OsBA)0659363</marc:subfield>
        </marc:datafield>
        <marc:datafield tag="035" ind1=" " ind2=" ">
            <marc:subfield code="a">oai:bibbi.bs.no:0659363</marc:subfield>
        </marc:datafield>
        <marc:datafield tag="040" ind1=" " ind2=" ">
            <marc:subfield code="a">NO-OsBA</marc:subfield>
            <marc:subfield code="b">nob</marc:subfield>
            <marc:subfield code="e">rda</marc:subfield>
            <marc:subfield code="d">NO-OsNB</marc:subfield>
        </marc:datafield>
        <marc:datafield tag="082" ind1="0" ind2="4">
            <marc:subfield code="a">839.82374</marc:subfield>
            <marc:subfield code="q">NO-OsBA</marc:subfield>
            <marc:subfield code="2">23/nor</marc:subfield>
        </marc:datafield>
        <marc:datafield tag="100" ind1="1" ind2=" ">
            <marc:subfield code="a">Fossum, Karin</marc:subfield>
            <marc:subfield code="d">1954-</marc:subfield>
            <marc:subfield code="0">(NO-TrBIB)90608300</marc:subfield>
            <marc:subfield code="4">aut</marc:subfield>
        </marc:datafield>
        <marc:datafield tag="240" ind1="1" ind2="0">
            <marc:subfield code="a">Natteløperen</marc:subfield>
        </marc:datafield>
        <marc:datafield tag="245" ind1="1" ind2="0">
            <marc:subfield code="a">Natteløperen</marc:subfield>
            <marc:subfield code="b">roman</marc:subfield>
            <marc:subfield code="c">Karin Fossum</marc:subfield>
        </marc:datafield>
        <marc:datafield tag="264" ind1=" " ind2="1">
            <marc:subfield code="a">Oslo</marc:subfield>
            <marc:subfield code="b">Cappelen Damm</marc:subfield>
            <marc:subfield code="c">2022</marc:subfield>
        </marc:datafield>
        <marc:datafield tag="300" ind1=" " ind2=" ">
            <marc:subfield code="a">1 elektronisk tekst (186 sider)</marc:subfield>
        </marc:datafield>
        <marc:datafield tag="336" ind1=" " ind2=" ">
            <marc:subfield code="a">tekst</marc:subfield>
            <marc:subfield code="0">http://rdaregistry.info/termList/RDAContentType/1020</marc:subfield>
            <marc:subfield code="2">rdaco</marc:subfield>
        </marc:datafield>
        <marc:datafield tag="337" ind1=" " ind2=" ">
            <marc:subfield code="a">datamaskin</marc:subfield>
            <marc:subfield code="0">http://rdaregistry.info/termList/RDAMediaType/1003</marc:subfield>
            <marc:subfield code="2">rdamt</marc:subfield>
        </marc:datafield>
        <marc:datafield tag="338" ind1=" " ind2=" ">
            <marc:subfield code="a">online (nettilkoblet) ressurs</marc:subfield>
            <marc:subfield code="0">http://rdaregistry.info/termList/RDACarrierType/1018</marc:subfield>
            <marc:subfield code="2">rdact</marc:subfield>
        </marc:datafield>
        <marc:datafield tag="347" ind1=" " ind2=" ">
            <marc:subfield code="a">tekstfil</marc:subfield>
            <marc:subfield code="0">http://rdaregistry.info/termList/fileType/1002</marc:subfield>
            <marc:subfield code="2">rdaft</marc:subfield>
        </marc:datafield>
        <marc:datafield tag="347" ind1=" " ind2=" ">
            <marc:subfield code="b">EPUB</marc:subfield>
        </marc:datafield>
        <marc:datafield tag="490" ind1="1" ind2=" ">
            <marc:subfield code="a">En Feber-krim</marc:subfield>
            <marc:subfield code="v">[2]</marc:subfield>
        </marc:datafield>
        <marc:datafield tag="500" ind1=" " ind2=" ">
            <marc:subfield code="a">Nedlastbar e-bok. EPUB med DRM</marc:subfield>
        </marc:datafield>
        <marc:datafield tag="500" ind1=" " ind2=" ">
            <marc:subfield code="a">Digital reproduksjon av 1. trykte utgave, utgitt 2022</marc:subfield>
        </marc:datafield>
        <marc:datafield tag="520" ind1=" " ind2=" ">
            <marc:subfield code="a">Meidel André Jonsson har en far i fengsel og en mor på psykiatrisk, og da bestefaren dør blir han alene i huset og i livet. I hodet sitt har han mange kamre: et for lek, et for gode ideer, et for faenskap. Og et kammer for smerte og erkjennelse, som han vil lukke for alltid. Nå har Meidel ingenting igjen å tape. Men når han handler på Kiwi, kommer han i snakk med den unge jenta i kassen, og han aner en mulighet. Etterforsker Eddie Feber er et kraftfelt på jobb, og hjemme har han et hus fullt av unger og kona Karmen som skriver krimromaner. Flere mennesker i byen får besøk om natten av en lysende skikkelse med et våpen i hendene. Feber har ikke mye å gå etter, annet enn en lapp der det står 833. Feber har sine helt egne metoder, noen vil si han går over grensen.</marc:subfield>
        </marc:datafield>
        <marc:datafield tag="536" ind1=" " ind2=" ">
            <marc:subfield code="a">Kulturfond</marc:subfield>
        </marc:datafield>
        <marc:datafield tag="588" ind1=" " ind2=" ">
            <marc:subfield code="a">Katalogisert etter trykt utgave</marc:subfield>
        </marc:datafield>
        <marc:datafield tag="650" ind1="2" ind2="7">
            <marc:subfield code="a">Feber, Eddie (fiktiv person)</marc:subfield>
            <marc:subfield code="0">(NO-OsBA)1204891</marc:subfield>
            <marc:subfield code="2">bibbi</marc:subfield>
            <marc:subfield code="9">nob</marc:subfield>
        </marc:datafield>
        <marc:datafield tag="650" ind1="2" ind2="7">
            <marc:subfield code="a">Feber, Eddie (fiktiv person)</marc:subfield>
            <marc:subfield code="0">(NO-OsBA)1204891</marc:subfield>
            <marc:subfield code="2">bibbi</marc:subfield>
            <marc:subfield code="9">nno</marc:subfield>
        </marc:datafield>
        <marc:datafield tag="655" ind1=" " ind2="7">
            <marc:subfield code="a">Romaner</marc:subfield>
            <marc:subfield code="0">https://id.nb.no/vocabulary/ntsf/258</marc:subfield>
            <marc:subfield code="0">(NO-OsNB)ntsf258</marc:subfield>
            <marc:subfield code="2">ntsf</marc:subfield>
            <marc:subfield code="9">nob</marc:subfield>
        </marc:datafield>
        <marc:datafield tag="655" ind1=" " ind2="7">
            <marc:subfield code="a">Krim</marc:subfield>
            <marc:subfield code="0">https://id.nb.no/vocabulary/ntsf/159</marc:subfield>
            <marc:subfield code="0">(NO-OsNB)ntsf159</marc:subfield>
            <marc:subfield code="2">ntsf</marc:subfield>
            <marc:subfield code="9">nob</marc:subfield>
        </marc:datafield>
        <marc:datafield tag="700" ind1="1" ind2=" ">
            <marc:subfield code="a">Fossum, Karin</marc:subfield>
            <marc:subfield code="d">1954-</marc:subfield>
            <marc:subfield code="t">Natteløperen</marc:subfield>
            <marc:subfield code="0">(NO-TrBIB)90608300</marc:subfield>
        </marc:datafield>
        <marc:datafield tag="800" ind1="1" ind2=" ">
            <marc:subfield code="a">Fossum, Karin</marc:subfield>
            <marc:subfield code="d">1954-</marc:subfield>
            <marc:subfield code="t">En Feber-krim</marc:subfield>
            <marc:subfield code="v">2</marc:subfield>
            <marc:subfield code="0">(NO-TrBIB)90608300</marc:subfield>
        </marc:datafield>
        <marc:datafield tag="856" ind1="4" ind2="2">
            <marc:subfield code="3">Miniatyrbilde</marc:subfield>
            <marc:subfield code="u">https://contents.bibs.aws.unit.no/files/images/small/7/8/9788202770587.jpg</marc:subfield>
            <marc:subfield code="q">image/jpeg</marc:subfield>
        </marc:datafield>
        <marc:datafield tag="856" ind1="4" ind2="2">
            <marc:subfield code="3">Omslagsbilde</marc:subfield>
            <marc:subfield code="u">https://contents.bibs.aws.unit.no/files/images/large/7/8/9788202770587.jpg</marc:subfield>
            <marc:subfield code="q">image/jpeg</marc:subfield>
        </marc:datafield>
        <marc:datafield tag="856" ind1="4" ind2="2">
            <marc:subfield code="3">Originalt bilde</marc:subfield>
            <marc:subfield code="u">https://contents.bibs.aws.unit.no/files/images/original/7/8/9788202770587.jpg</marc:subfield>
            <marc:subfield code="q">image/jpeg</marc:subfield>
        </marc:datafield>
        <marc:datafield tag="856" ind1="4" ind2="2">
            <marc:subfield code="3">Forlagets beskrivelse (lang)</marc:subfield>
            <marc:subfield code="u">https://contents.bibs.aws.unit.no/content/?isbn=9788202770587</marc:subfield>
        </marc:datafield>
        <marc:datafield tag="856" ind1=" " ind2=" ">
            <marc:subfield code="a">aja.bs.no</marc:subfield>
            <marc:subfield code="q">image/jpeg</marc:subfield>
            <marc:subfield code="u">https://media.aja.bs.no/c89ae078-a185-445b-8222-654617335b87/cover/original.jpg</marc:subfield>
            <marc:subfield code="3">Omslagsbilde</marc:subfield>
        </marc:datafield>
        <marc:datafield tag="856" ind1=" " ind2=" ">
            <marc:subfield code="a">aja.bs.no</marc:subfield>
            <marc:subfield code="q">image/jpeg</marc:subfield>
            <marc:subfield code="u">https://media.aja.bs.no/c89ae078-a185-445b-8222-654617335b87/cover/thumbnail.jpg</marc:subfield>
            <marc:subfield code="3">Miniatyrbilde</marc:subfield>
        </marc:datafield>
    </marc:record>