
    <marc:record>
        <marc:leader>00957cam a2200265 c 4500</marc:leader>
        <marc:controlfield tag="001">999906260594702201</marc:controlfield>
        <marc:controlfield tag="005">20220429153918.0</marc:controlfield>
        <marc:controlfield tag="007">ta</marc:controlfield>
        <marc:controlfield tag="008">110826s1998    sw     e |||||000|f swe|^</marc:controlfield>
        <marc:datafield tag="020" ind1=" " ind2=" ">
            <marc:subfield code="a">91-37-11420-4</marc:subfield>
            <marc:subfield code="q">ib.</marc:subfield>
        </marc:datafield>
        <marc:datafield tag="035" ind1=" " ind2=" ">
            <marc:subfield code="a">990626059-47bibsys_network</marc:subfield>
        </marc:datafield>
        <marc:datafield tag="035" ind1=" " ind2=" ">
            <marc:subfield code="a">(NO-TrBIB)990626059</marc:subfield>
        </marc:datafield>
        <marc:datafield tag="040" ind1=" " ind2=" ">
            <marc:subfield code="a">NO-OsNB</marc:subfield>
            <marc:subfield code="b">nob</marc:subfield>
            <marc:subfield code="e">katreg</marc:subfield>
        </marc:datafield>
        <marc:datafield tag="041" ind1="1" ind2=" ">
            <marc:subfield code="a">swe</marc:subfield>
            <marc:subfield code="h">nob</marc:subfield>
        </marc:datafield>
        <marc:datafield tag="082" ind1="7" ind2="4">
            <marc:subfield code="a">839.8238</marc:subfield>
            <marc:subfield code="q">NO-OsNB</marc:subfield>
            <marc:subfield code="2">23/nor</marc:subfield>
        </marc:datafield>
        <marc:datafield tag="100" ind1="1" ind2=" ">
            <marc:subfield code="a">Fossum, Karin</marc:subfield>
            <marc:subfield code="d">1954-</marc:subfield>
            <marc:subfield code="0">(NO-TrBIB)90608300</marc:subfield>
            <marc:subfield code="4">aut</marc:subfield>
        </marc:datafield>
        <marc:datafield tag="245" ind1="1" ind2="0">
            <marc:subfield code="a">Se dig inte om!</marc:subfield>
            <marc:subfield code="c">Karin Fossum ; översättning Helena och Ulf Örnkloo</marc:subfield>
        </marc:datafield>
        <marc:datafield tag="246" ind1="1" ind2=" ">
            <marc:subfield code="i">Originaltittel:</marc:subfield>
            <marc:subfield code="a">Se deg ikke tilbake!</marc:subfield>
        </marc:datafield>
        <marc:datafield tag="260" ind1=" " ind2=" ">
            <marc:subfield code="a">[Stockholm]</marc:subfield>
            <marc:subfield code="b">Forum</marc:subfield>
            <marc:subfield code="c">1998</marc:subfield>
        </marc:datafield>
        <marc:datafield tag="300" ind1=" " ind2=" ">
            <marc:subfield code="a">233 s.</marc:subfield>
            <marc:subfield code="c">24 cm</marc:subfield>
        </marc:datafield>
        <marc:datafield tag="500" ind1=" " ind2=" ">
            <marc:subfield code="a">Opplagshistorikk: 3. oppl. 1999</marc:subfield>
        </marc:datafield>
        <marc:datafield tag="655" ind1=" " ind2="7">
            <marc:subfield code="a">Romaner</marc:subfield>
            <marc:subfield code="0">https://id.nb.no/vocabulary/ntsf/258</marc:subfield>
            <marc:subfield code="0">(NO-OsNB)ntsf258</marc:subfield>
            <marc:subfield code="2">ntsf</marc:subfield>
        </marc:datafield>
        <marc:datafield tag="700" ind1="1" ind2=" ">
            <marc:subfield code="a">Örnkloo, Helena</marc:subfield>
            <marc:subfield code="0">(NO-TrBIB)11042884</marc:subfield>
            <marc:subfield code="4">trl</marc:subfield>
        </marc:datafield>
        <marc:datafield tag="700" ind1="1" ind2=" ">
            <marc:subfield code="a">Örnkloo, Ulf</marc:subfield>
            <marc:subfield code="d">1934-</marc:subfield>
            <marc:subfield code="0">(NO-TrBIB)90137513</marc:subfield>
            <marc:subfield code="4">trl</marc:subfield>
        </marc:datafield>
        <marc:datafield tag="765" ind1="0" ind2=" ">
            <marc:subfield code="t">Se deg ikke tilbake!</marc:subfield>
            <marc:subfield code="w">999609024224702201</marc:subfield>
        </marc:datafield>
    </marc:record>