
    <marc:record>
        <marc:leader>00797caa a2200217 c 4500</marc:leader>
        <marc:controlfield tag="001">999921753661402201</marc:controlfield>
        <marc:controlfield tag="005">20220907152032.0</marc:controlfield>
        <marc:controlfield tag="007">ta</marc:controlfield>
        <marc:controlfield tag="008">050117s2004    no c|||e|    |000|0|nob|#</marc:controlfield>
        <marc:datafield tag="035" ind1=" " ind2=" ">
            <marc:subfield code="a">(NORART)0500357635</marc:subfield>
        </marc:datafield>
        <marc:datafield tag="040" ind1=" " ind2=" ">
            <marc:subfield code="a">NO-OsNB</marc:subfield>
            <marc:subfield code="b">nob</marc:subfield>
            <marc:subfield code="e">katreg</marc:subfield>
        </marc:datafield>
        <marc:datafield tag="082" ind1="7" ind2="4">
            <marc:subfield code="a">839.823</marc:subfield>
            <marc:subfield code="2">5/nor</marc:subfield>
            <marc:subfield code="q">NO-OsNB</marc:subfield>
        </marc:datafield>
        <marc:datafield tag="100" ind1="1" ind2=" ">
            <marc:subfield code="a">Geelmuyden, Niels Chr.</marc:subfield>
            <marc:subfield code="d">1960-</marc:subfield>
            <marc:subfield code="4">ivr</marc:subfield>
            <marc:subfield code="0">(NO-TrBIB)90358013</marc:subfield>
        </marc:datafield>
        <marc:datafield tag="245" ind1="1" ind2="0">
            <marc:subfield code="a">Syllingvinger :</marc:subfield>
            <marc:subfield code="b">Karin Fossum intervjuet</marc:subfield>
        </marc:datafield>
        <marc:datafield tag="300" ind1=" " ind2=" ">
            <marc:subfield code="a">S. 114-119</marc:subfield>
            <marc:subfield code="b">port.</marc:subfield>
        </marc:datafield>
        <marc:datafield tag="600" ind1="1" ind2="4">
            <marc:subfield code="a">Fossum, Karin</marc:subfield>
        </marc:datafield>
        <marc:datafield tag="650" ind1=" " ind2="7">
            <marc:subfield code="a">forfattere</marc:subfield>
            <marc:subfield code="2">norart</marc:subfield>
            <marc:subfield code="0">(NO-TrBIB)NORART1007955</marc:subfield>
        </marc:datafield>
        <marc:datafield tag="650" ind1=" " ind2="7">
            <marc:subfield code="a">kriminallitteratur</marc:subfield>
            <marc:subfield code="2">norart</marc:subfield>
            <marc:subfield code="0">(NO-TrBIB)NORART1015266</marc:subfield>
        </marc:datafield>
        <marc:datafield tag="655" ind1=" " ind2="7">
            <marc:subfield code="a">Tidsskriftartikler</marc:subfield>
            <marc:subfield code="0">https://id.nb.no/vocabulary/ntsf/308</marc:subfield>
            <marc:subfield code="0">(NO-OsNB)ntsf308</marc:subfield>
            <marc:subfield code="2">ntsf</marc:subfield>
        </marc:datafield>
        <marc:datafield tag="700" ind1="1" ind2=" ">
            <marc:subfield code="a">Fossum, Karin</marc:subfield>
            <marc:subfield code="4">ive</marc:subfield>
        </marc:datafield>
        <marc:datafield tag="773" ind1="0" ind2=" ">
            <marc:subfield code="t">Kapital</marc:subfield>
            <marc:subfield code="g">Årg. 34, nr 16 (2004)</marc:subfield>
            <marc:subfield code="x">0332-5423</marc:subfield>
            <marc:subfield code="w">999011036914702201</marc:subfield>
        </marc:datafield>
    </marc:record>