
    <marc:record>
        <marc:leader>01364cam a2200265 c 4500</marc:leader>
        <marc:controlfield tag="001">999809450464702201</marc:controlfield>
        <marc:controlfield tag="005">20211104155503.0</marc:controlfield>
        <marc:controlfield tag="007">ta</marc:controlfield>
        <marc:controlfield tag="008">150407s1998    xx |||||||||||000|u|nob|^</marc:controlfield>
        <marc:datafield tag="035" ind1=" " ind2=" ">
            <marc:subfield code="a">980945046-47bibsys_network</marc:subfield>
        </marc:datafield>
        <marc:datafield tag="035" ind1=" " ind2=" ">
            <marc:subfield code="a">(NO-TrBIB)980945046</marc:subfield>
        </marc:datafield>
        <marc:datafield tag="040" ind1=" " ind2=" ">
            <marc:subfield code="a">NO-OsNB</marc:subfield>
            <marc:subfield code="b">nob</marc:subfield>
            <marc:subfield code="e">katreg</marc:subfield>
        </marc:datafield>
        <marc:datafield tag="245" ind1="0" ind2="0">
            <marc:subfield code="a">To norske urpremierer :</marc:subfield>
            <marc:subfield code="b">Vi bestemmer! : av Karin Fossum : Hva skal vi gjøre i dag? : av Øystein Lønn</marc:subfield>
        </marc:datafield>
        <marc:datafield tag="260" ind1=" " ind2=" ">
            <marc:subfield code="a">[Oslo]</marc:subfield>
            <marc:subfield code="b">[Intimteatret]</marc:subfield>
            <marc:subfield code="c">[1998]</marc:subfield>
        </marc:datafield>
        <marc:datafield tag="300" ind1=" " ind2=" ">
            <marc:subfield code="a">[16] s.</marc:subfield>
            <marc:subfield code="b">ill.</marc:subfield>
        </marc:datafield>
        <marc:datafield tag="500" ind1=" " ind2=" ">
            <marc:subfield code="a">Teaterprogram</marc:subfield>
        </marc:datafield>
        <marc:datafield tag="500" ind1=" " ind2=" ">
            <marc:subfield code="a">Urpremierer på Det norske teateret, Prøvesalen, onsdag 4. februar     1998</marc:subfield>
        </marc:datafield>
        <marc:datafield tag="533" ind1=" " ind2=" ">
            <marc:subfield code="a">Elektronisk reproduksjon</marc:subfield>
            <marc:subfield code="b">[Norge]</marc:subfield>
            <marc:subfield code="c">Nasjonalbiblioteket Digital</marc:subfield>
            <marc:subfield code="d">2020-03-06</marc:subfield>
        </marc:datafield>
        <marc:datafield tag="655" ind1=" " ind2="7">
            <marc:subfield code="a">Teaterprogrammer</marc:subfield>
            <marc:subfield code="0">https://id.nb.no/vocabulary/ntsf/300</marc:subfield>
            <marc:subfield code="0">https://id.nb.no/vocabulary/ntsf/300</marc:subfield>
            <marc:subfield code="0">(NO-OsNB)ntsf300</marc:subfield>
            <marc:subfield code="2">ntsf</marc:subfield>
        </marc:datafield>
        <marc:datafield tag="700" ind1="1" ind2="2">
            <marc:subfield code="a">Lønn, Øystein</marc:subfield>
            <marc:subfield code="d">1936-2022</marc:subfield>
            <marc:subfield code="t">Hva skal vi gjøre i dag?</marc:subfield>
            <marc:subfield code="0">(NO-TrBIB)90094260</marc:subfield>
        </marc:datafield>
        <marc:datafield tag="700" ind1="1" ind2="2">
            <marc:subfield code="a">Fossum, Karin</marc:subfield>
            <marc:subfield code="d">1954-</marc:subfield>
            <marc:subfield code="t">Vi bestemmer!</marc:subfield>
            <marc:subfield code="0">(NO-TrBIB)90608300</marc:subfield>
        </marc:datafield>
        <marc:datafield tag="710" ind1="2" ind2=" ">
            <marc:subfield code="a">Intimteatret</marc:subfield>
            <marc:subfield code="0">(NO-TrBIB)90718431</marc:subfield>
        </marc:datafield>
        <marc:datafield tag="710" ind1="2" ind2=" ">
            <marc:subfield code="a">Det Norske teatret</marc:subfield>
            <marc:subfield code="0">(NO-TrBIB)90061105</marc:subfield>
        </marc:datafield>
        <marc:datafield tag="776" ind1="0" ind2=" ">
            <marc:subfield code="t">To norske urpremierer : Vi bestemmer! : av Karin Fossum : Hva skal vi gjøre i dag? : av Øystein Lønn</marc:subfield>
            <marc:subfield code="w">991011475704702201</marc:subfield>
        </marc:datafield>
        <marc:datafield tag="856" ind1="4" ind2="1">
            <marc:subfield code="3">Fulltekst</marc:subfield>
            <marc:subfield code="u">https://www.nb.no/search?q=oaiid:&quot;oai:nb.bibsys.no:999809450464702202&quot;&amp;mediatype=bøker</marc:subfield>
            <marc:subfield code="y">Nettbiblioteket</marc:subfield>
            <marc:subfield code="z">Søke-URL</marc:subfield>
        </marc:datafield>
    </marc:record>