
    <marc:record>
        <marc:leader>00869caa a2200229 c 4500</marc:leader>
        <marc:controlfield tag="001">999921748348202201</marc:controlfield>
        <marc:controlfield tag="005">20220907145811.0</marc:controlfield>
        <marc:controlfield tag="007">ta</marc:controlfield>
        <marc:controlfield tag="008">010727s2001    no c|||e|    |000|0|nob|#</marc:controlfield>
        <marc:datafield tag="035" ind1=" " ind2=" ">
            <marc:subfield code="a">(NORART)0100294736</marc:subfield>
        </marc:datafield>
        <marc:datafield tag="040" ind1=" " ind2=" ">
            <marc:subfield code="a">NO-OsNB</marc:subfield>
            <marc:subfield code="b">nob</marc:subfield>
            <marc:subfield code="e">katreg</marc:subfield>
        </marc:datafield>
        <marc:datafield tag="082" ind1="7" ind2="4">
            <marc:subfield code="a">613</marc:subfield>
            <marc:subfield code="2">4/nor</marc:subfield>
            <marc:subfield code="q">NO-OsNB</marc:subfield>
        </marc:datafield>
        <marc:datafield tag="100" ind1="1" ind2=" ">
            <marc:subfield code="a">Ingeberg, Anne</marc:subfield>
            <marc:subfield code="4">ivr</marc:subfield>
            <marc:subfield code="0">(NO-TrBIB)1642068408090</marc:subfield>
        </marc:datafield>
        <marc:datafield tag="245" ind1="1" ind2="0">
            <marc:subfield code="a">Tror på trim og lidenskap :</marc:subfield>
            <marc:subfield code="b">du må gløde for noe! : mitt beste helsetips</marc:subfield>
        </marc:datafield>
        <marc:datafield tag="300" ind1=" " ind2=" ">
            <marc:subfield code="a">S. [52]-53</marc:subfield>
            <marc:subfield code="b">port.</marc:subfield>
        </marc:datafield>
        <marc:datafield tag="500" ind1=" " ind2=" ">
            <marc:subfield code="a">Intervju med Karin Fossum</marc:subfield>
        </marc:datafield>
        <marc:datafield tag="600" ind1="1" ind2="4">
            <marc:subfield code="a">Fossum, Karin</marc:subfield>
        </marc:datafield>
        <marc:datafield tag="650" ind1=" " ind2="7">
            <marc:subfield code="a">helse</marc:subfield>
            <marc:subfield code="2">norart</marc:subfield>
            <marc:subfield code="0">(NO-TrBIB)NORART1010501</marc:subfield>
        </marc:datafield>
        <marc:datafield tag="655" ind1=" " ind2="7">
            <marc:subfield code="a">Tidsskriftartikler</marc:subfield>
            <marc:subfield code="0">https://id.nb.no/vocabulary/ntsf/308</marc:subfield>
            <marc:subfield code="0">(NO-OsNB)ntsf308</marc:subfield>
            <marc:subfield code="2">ntsf</marc:subfield>
        </marc:datafield>
        <marc:datafield tag="655" ind1=" " ind2="7">
            <marc:subfield code="a">Intervjuer</marc:subfield>
            <marc:subfield code="0">https://id.nb.no/vocabulary/ntsf/135</marc:subfield>
            <marc:subfield code="0">(NO-OsNB)ntsf135</marc:subfield>
            <marc:subfield code="2">ntsf</marc:subfield>
        </marc:datafield>
        <marc:datafield tag="700" ind1="1" ind2=" ">
            <marc:subfield code="a">Fossum, Karin</marc:subfield>
            <marc:subfield code="4">ive</marc:subfield>
        </marc:datafield>
        <marc:datafield tag="773" ind1="0" ind2=" ">
            <marc:subfield code="t">Bedre helse</marc:subfield>
            <marc:subfield code="g">nr 4 (2001)</marc:subfield>
            <marc:subfield code="x">0802-6149</marc:subfield>
            <marc:subfield code="w">998901831984702201</marc:subfield>
        </marc:datafield>
    </marc:record>